; Spiir import for 2024
; Generated by import_spiir.py

2024-01-01 * "Lønoverførsel" "Løn" #spiir
  spiir-id: "638394319342667815"
  Assets:Checking:Primary  30153.33 DKK
  Income:Salary  -30153.33 DKK

2024-01-02 * "Tandforsikring - PRM" "Kontooverførsel" #spiir
  spiir-id: "638397802336662858"
  Assets:Checking:Primary  -60.00 DKK
  Assets:Transfer  60.00 DKK

2024-01-02 * "Spotify" "Kontooverførsel" #spiir
  spiir-id: "638397802336662859"
  Assets:Checking:Primary  -97.00 DKK
  Assets:Transfer  97.00 DKK

2024-01-02 * "Bilforsikr, afgift - PRM" "Kontooverførsel" #spiir
  spiir-id: "638397802336662860"
  Assets:Checking:Primary  -250.00 DKK
  Assets:Transfer  250.00 DKK

2024-01-02 * "Hus, indboforsikr - PRM" "Kontooverførsel" #spiir
  spiir-id: "638397802336662861"
  Assets:Checking:Primary  -347.00 DKK
  Assets:Transfer  347.00 DKK

2024-01-02 * "El, vand og varme - PRM" "Kontooverførsel" #spiir
  spiir-id: "638397802336662862"
  Assets:Checking:Primary  -1084.00 DKK
  Assets:Transfer  1084.00 DKK

2024-01-02 * "Ejendommensskat - PRM" "Kontooverførsel" #spiir
  spiir-id: "638397802336662863"
  Assets:Checking:Primary  -1224.50 DKK
  Assets:Transfer  1224.50 DKK

2024-01-02 * "Vuggestue - PRM" "Kontooverførsel" #spiir
  spiir-id: "638397802336662864"
  Assets:Checking:Primary  -2010.50 DKK
  Assets:Transfer  2010.50 DKK

2024-01-02 * "Dagligvarer - PRM" "Kontooverførsel" #spiir
  spiir-id: "638397802336662865"
  Assets:Checking:Primary  -3500.00 DKK
  Assets:Transfer  3500.00 DKK

2024-01-02 * "Nordnet Aktiedepot" "Værdipapirshandel" #spiir
  spiir-id: "638397802336662866"
  Assets:Checking:Primary  -5000.00 DKK
  Assets:Savings:Investments  5000.00 DKK

2024-01-02 * "Aldersopsparing" "Pensionsopsparing" #spiir
  spiir-id: "638397802336662867"
  Assets:Checking:Primary  -5300.00 DKK
  Assets:Savings:Pension  5300.00 DKK

2024-01-02 * "iCloud Fastefæll.udgifte" "Kontooverførsel" #spiir
  spiir-id: "638397802336662868"
  Assets:Checking:Primary  69.00 DKK
  Assets:Transfer  -69.00 DKK

2024-01-02 * "hiper.dk" "Telefoni & internet" #spiir
  spiir-id: "638397802336662869"
  Assets:Checking:Primary  -319.00 DKK
  Expenses:Subscriptions:Telecom  319.00 DKK

2024-01-02 * "Netto Gl. Køge Lan" "Dagligvarer" #spiir
  spiir-id: "638397802336662870"
  Assets:Checking:Primary  -105.90 DKK
  Expenses:Food:Groceries  105.90 DKK

2024-01-02 * "3 Danmark Koebenhavn SV" "Telefoni & internet" #spiir
  spiir-id: "638397802336662871"
  Assets:Checking:Primary  -165.28 DKK
  Expenses:Subscriptions:Telecom  165.28 DKK

2024-01-02 * "Tandforsikring - LAH" "Kontooverførsel" #spiir
  spiir-id: "638397803466627599"
  Assets:Checking:Fixed  60.00 DKK
  Assets:Transfer  -60.00 DKK

2024-01-02 * "Spotify" "Kontooverførsel" #spiir
  spiir-id: "638397803466627600"
  Assets:Checking:Fixed  97.00 DKK
  Assets:Transfer  -97.00 DKK

2024-01-02 * "Bilforsikr, afgift - LAH" "Kontooverførsel" #spiir
  spiir-id: "638397803466627601"
  Assets:Checking:Fixed  250.00 DKK
  Assets:Transfer  -250.00 DKK

2024-01-02 * "Hus, indboforsikr - LAH" "Kontooverførsel" #spiir
  spiir-id: "638397803466627602"
  Assets:Checking:Fixed  347.00 DKK
  Assets:Transfer  -347.00 DKK

2024-01-02 * "El, vand og varme - LAH" "Kontooverførsel" #spiir
  spiir-id: "638397803466627603"
  Assets:Checking:Fixed  1084.00 DKK
  Assets:Transfer  -1084.00 DKK

2024-01-02 * "Ejendomsskat - LAH" "Kontooverførsel" #spiir
  spiir-id: "638397803466627604"
  Assets:Checking:Fixed  1224.50 DKK
  Assets:Transfer  -1224.50 DKK

2024-01-02 * "Vuggestue - LAH" "Kontooverførsel" #spiir
  spiir-id: "638397803466627605"
  Assets:Checking:Fixed  2010.50 DKK
  Assets:Transfer  -2010.50 DKK

2024-01-02 * "Tandforsikring - PRM" "Kontooverførsel" #spiir
  spiir-id: "638397803466627606"
  Assets:Checking:Fixed  60.00 DKK
  Assets:Transfer  -60.00 DKK

2024-01-02 * "Spotify" "Film, musik & læsestof" #spiir
  spiir-id: "638397803466627607"
  Assets:Checking:Fixed  97.00 DKK
  Expenses:Entertainment:Media  -97.00 DKK

2024-01-02 * "Bilforsikr, afgift - PRM" "Bilforsikring & autohjælp" #spiir
  spiir-id: "638397803466627608"
  Assets:Checking:Fixed  250.00 DKK
  Expenses:Car:Insurance  -250.00 DKK

2024-01-02 * "Hus, indboforsikr - PRM" "Husforsikring" #spiir
  spiir-id: "638397803466627609"
  Assets:Checking:Fixed  347.00 DKK
  Expenses:House:Insurance  -347.00 DKK

2024-01-02 * "El, vand og varme - PRM" "El, vand, varme & renovation" #spiir
  spiir-id: "638397803466627610"
  Assets:Checking:Fixed  1084.00 DKK
  Expenses:House:Heating  -1084.00 DKK

2024-01-02 * "Ejendommensskat - PRM" "Ejendomsskat" #spiir
  spiir-id: "638397803466627611"
  Assets:Checking:Fixed  1224.50 DKK
  Expenses:House:Tax  -1224.50 DKK

2024-01-02 * "Vuggestue - PRM" "Institution" #spiir
  spiir-id: "638397803466627612"
  Assets:Checking:Fixed  2010.50 DKK
  Expenses:Kids:Institution  -2010.50 DKK

2024-01-02 * "iCloud" "Kontooverførsel" #spiir
  spiir-id: "638397803466627613"
  Assets:Checking:Fixed  -69.00 DKK
  Assets:Transfer  69.00 DKK

2024-01-02 * "Tryg" "Indbo- & familieforsikring" #spiir
  spiir-id: "638397803466627614"
  Assets:Checking:Fixed  -469.64 DKK
  Expenses:House:Contents-Insurance  469.64 DKK

2024-01-02 * "Tryg" "Indbo- & familieforsikring" #spiir
  spiir-id: "638397803466813209"
  Assets:Checking:Fixed  -1632.16 DKK
  Expenses:House:Contents-Insurance  1632.16 DKK

2024-01-02 * "Ok A.M.B.A" "Brændstof" #spiir
  spiir-id: "638397803466813210"
  Assets:Checking:Fixed  -1140.75 DKK
  Expenses:Car:Gas  1140.75 DKK

2024-01-02 * "Tryg" "Indbo- & familieforsikring" #spiir
  spiir-id: "638397803466813211"
  Assets:Checking:Fixed  -1757.52 DKK
  Expenses:House:Contents-Insurance  1757.52 DKK

2024-01-02 * "Fællesudgifter" "Kontooverførsel" #spiir
  spiir-id: "638397805000914056"
  Assets:Checking:Dagligvarer  3500.00 DKK
  Assets:Transfer  -3500.00 DKK

2024-01-02 * "Dagligvarer - PRM" "Dagligvarer" #spiir
  spiir-id: "638397805000914057"
  Assets:Checking:Dagligvarer  3500.00 DKK
  Expenses:Food:Groceries  -3500.00 DKK

2024-01-02 * "Ingo Vigerslev All" "Brændstof" #spiir
  spiir-id: "638397805000914058"
  Assets:Checking:Dagligvarer  -485.90 DKK
  Expenses:Car:Gas  485.90 DKK

2024-01-02 * "Netto Amagerbrogad" "Dagligvarer" #spiir
  spiir-id: "638397805000914059"
  Assets:Checking:Dagligvarer  -56.50 DKK
  Expenses:Food:Groceries  56.50 DKK

2024-01-02 * "downtown.dk" "Kontooverførsel" #spiir
  spiir-id: "638398672639830273"
  Assets:Checking:Dagligvarer  -60.00 DKK
  Assets:Transfer  60.00 DKK

2024-01-03 * "Prolog Coffee Copenhagen" "Bar, cafe & restaurant" #spiir
  spiir-id: "638398670169933470"
  Assets:Checking:Primary  -89.00 DKK
  Expenses:Food:Restaurant  89.00 DKK

2024-01-03 * "Parkman" "Parkering" #spiir
  spiir-id: "638398672639830269"
  Assets:Checking:Dagligvarer  -19.15 DKK
  Expenses:Car:Parking  19.15 DKK

2024-01-03 * "R-Bakery Hvidovre" "Kiosk, bager & specialbutikker" #spiir
  spiir-id: "638398672639830270"
  Assets:Checking:Dagligvarer  -35.00 DKK
  Expenses:Food:Kiosk  35.00 DKK

2024-01-03 * "EasyPark A/S easypark.dk" "Parkering" #spiir
  spiir-id: "638398672639830271"
  Assets:Checking:Dagligvarer  -16.00 DKK
  Expenses:Car:Parking  16.00 DKK

2024-01-03 * "Kft Jylland-Kbh Koebenhavn V" "Dagligvarer" #spiir
  spiir-id: "638398672639830272"
  Assets:Checking:Dagligvarer  -357.48 DKK
  Expenses:Food:Groceries  357.48 DKK

2024-01-03 * "Boulders ApS" "Sport & fritid" #spiir
  spiir-id: "638399528387285802"
  Assets:Checking:Primary  -28.00 DKK
  Expenses:Entertainment:Sports  28.00 DKK

2024-01-03 * "Boulders ApS" "Sport & fritid" #spiir
  spiir-id: "638399530032499012"
  Assets:Checking:Dagligvarer  -28.00 DKK
  Expenses:Entertainment:Sports  28.00 DKK

2024-01-03 * "Netto Hvidovrevej" "Dagligvarer" #spiir
  spiir-id: "638399530032499013"
  Assets:Checking:Dagligvarer  -60.50 DKK
  Expenses:Food:Groceries  60.50 DKK

2024-01-04 * "Føtex Hvidovrevej" "Dagligvarer" #spiir
  spiir-id: "638399530032499010"
  Assets:Checking:Dagligvarer  -550.70 DKK
  Expenses:Food:Groceries  550.70 DKK

2024-01-04 * "Føtex Hvidovrevej" "Dagligvarer" #spiir
  spiir-id: "638399530032499011"
  Assets:Checking:Dagligvarer  -19.00 DKK
  Expenses:Food:Groceries  19.00 DKK

2024-01-04 * "MobilePay Casper Brogaard Højer" "" #spiir
  spiir-id: "638400338958923328"
  Assets:Checking:Dagligvarer  -1000.00 DKK
  Expenses:Uncategorized  1000.00 DKK

2024-01-04 * "Skileje" "Ferieaktiviteter" #spiir
  spiir-id: "638400338958923329"
  Assets:Checking:Dagligvarer  1550.00 DKK
  Expenses:Travel:Activities  -1550.00 DKK

2024-01-04 * "SILVAN 577 Valby" "Ombygning & vedligehold" #spiir
  spiir-id: "638400338958923330"
  Assets:Checking:Dagligvarer  -217.85 DKK
  Expenses:House:Renovation  217.85 DKK

2024-01-05 * "Flyvergrillen" "Fastfood & takeaway" #spiir
  spiir-id: "638400338958923327"
  Assets:Checking:Dagligvarer  -192.00 DKK
  Expenses:Food:Takeaway  192.00 DKK

2024-01-05 * "tipster.dk 4-2-9" "" #spiir
  spiir-id: "638401233845599406"
  Assets:Checking:Dagligvarer  -174.00 DKK
  Expenses:Uncategorized  174.00 DKK

2024-01-05 * "Circle K Borgm Chr" "Brændstof" #spiir
  spiir-id: "638401233845599407"
  Assets:Checking:Dagligvarer  -30.00 DKK
  Expenses:Car:Gas  30.00 DKK

2024-01-06 * "MobilePay Lee Ann Hollesen" "Hobby & sportsudstyr" #spiir
  spiir-id: "638402084654472810"
  Assets:Checking:Primary  813.00 DKK
  Expenses:Shopping:Sports  -813.00 DKK

2024-01-07 * "MobilePay Tina Jensen" "" #spiir
  spiir-id: "638402084654472809"
  Assets:Checking:Primary  1000.00 DKK
  Expenses:Uncategorized  -1000.00 DKK

2024-01-08 * "Hvidovre kommune" "Institution" #spiir
  spiir-id: "638402948222415113"
  Assets:Checking:Fixed  -6270.00 DKK
  Expenses:Kids:Institution  6270.00 DKK

2024-01-08 * "Kvickly Hvidovre" "Dagligvarer" #spiir
  spiir-id: "638402948841926204"
  Assets:Checking:Dagligvarer  -181.75 DKK
  Expenses:Food:Groceries  181.75 DKK

2024-01-08 * "Stacy´s Østerbro" "Bar, cafe & restaurant" #spiir
  spiir-id: "638402948841926205"
  Assets:Checking:Dagligvarer  -129.50 DKK
  Expenses:Food:Restaurant  129.50 DKK

2024-01-08 * "Netto Valby Maskin" "Dagligvarer" #spiir
  spiir-id: "638402948841926206"
  Assets:Checking:Dagligvarer  -48.95 DKK
  Expenses:Food:Groceries  48.95 DKK

2024-01-08 * "Papa Ramen" "Bar, cafe & restaurant" #spiir
  spiir-id: "638402948841926207"
  Assets:Checking:Dagligvarer  -505.00 DKK
  Expenses:Food:Restaurant  505.00 DKK

2024-01-09 * "Kft Jylland-Kbh Koebenhavn V" "Dagligvarer" #spiir
  spiir-id: "638403803718037573"
  Assets:Checking:Dagligvarer  -118.95 DKK
  Expenses:Food:Groceries  118.95 DKK

2024-01-09 * "UME ASIAN SUPERMARKET Kobenhavn" "Dagligvarer" #spiir
  spiir-id: "638403803718037574"
  Assets:Checking:Dagligvarer  -99.75 DKK
  Expenses:Food:Groceries  99.75 DKK

2024-01-09 * "Prolog Coffee Copenhagen" "Bar, cafe & restaurant" #spiir
  spiir-id: "638403803718037575"
  Assets:Checking:Dagligvarer  -47.00 DKK
  Expenses:Food:Restaurant  47.00 DKK

2024-01-09 * "EasyPark A/S easypark.dk" "Parkering" #spiir
  spiir-id: "638403803718037576"
  Assets:Checking:Dagligvarer  -79.35 DKK
  Expenses:Car:Parking  79.35 DKK

2024-01-09 * "MobilePay EASY PARK A/S" "Parkering" #spiir
  spiir-id: "638403803718037577"
  Assets:Checking:Dagligvarer  -25.87 DKK
  Expenses:Car:Parking  25.87 DKK

2024-01-09 * "Coop Codanhus" "Dagligvarer" #spiir
  spiir-id: "638404650305079177"
  Assets:Checking:Dagligvarer  -59.00 DKK
  Expenses:Food:Groceries  59.00 DKK

2024-01-09 * "Netto Hvidovrevej" "Dagligvarer" #spiir
  spiir-id: "638404650305079178"
  Assets:Checking:Dagligvarer  -69.50 DKK
  Expenses:Food:Groceries  69.50 DKK

2024-01-10 * "Enlil Bageri ApS" "Kiosk, bager & specialbutikker" #spiir
  spiir-id: "638405573159711102"
  Assets:Checking:Dagligvarer  -50.00 DKK
  Expenses:Food:Kiosk  50.00 DKK

2024-01-10 * "Boulders ApS" "Sport & fritid" #spiir
  spiir-id: "638405573159711103"
  Assets:Checking:Dagligvarer  -22.00 DKK
  Expenses:Entertainment:Sports  22.00 DKK

2024-01-10 * "Lidl" "Dagligvarer" #spiir
  spiir-id: "638405573159711104"
  Assets:Checking:Dagligvarer  -84.95 DKK
  Expenses:Food:Groceries  84.95 DKK

2024-01-11 * "Uzr*Bergfreunde.Dk Kirchentellin" "Tøj, sko & accessories" #spiir
  spiir-id: "638405571110913185"
  Assets:Checking:Primary  -820.22 DKK
  Expenses:Shopping:Clothing  820.22 DKK

2024-01-11 * "Rejsekort - DSB" "Bus, tog, færge o.l." #spiir
  spiir-id: "638405571110913186"
  Assets:Checking:Primary  -300.00 DKK
  Expenses:Transport:Public  300.00 DKK

2024-01-11 * "PilotOne + board" "" #spiir
  spiir-id: "638406421747491846"
  Assets:Checking:Primary  -785.00 DKK
  Expenses:Uncategorized  785.00 DKK

2024-01-11 * "Cykelpartner.dk Ap" "Anden transport" #spiir
  spiir-id: "638406423368162376"
  Assets:Checking:Dagligvarer  -1014.00 DKK
  Expenses:Transport:Other  1014.00 DKK

2024-01-12 * "Fri BikeShop" "Værksted & reservedele" #spiir
  spiir-id: "638407285087440343"
  Assets:Checking:Dagligvarer  -577.00 DKK
  Expenses:Car:Service  577.00 DKK

2024-01-12 * "tipster.dk 3-2-5" "" #spiir
  spiir-id: "638407285087440344"
  Assets:Checking:Dagligvarer  -230.00 DKK
  Expenses:Uncategorized  230.00 DKK

2024-01-12 * "rabble" "Dagligvarer" #spiir
  spiir-id: "638407285087440345"
  Assets:Checking:Dagligvarer  140.90 DKK
  Expenses:Food:Groceries  -140.90 DKK

2024-01-15 * "Udl. kortbetaling, 1.50% af DKK -10" "Bankgebyrer" #spiir
  spiir-id: "638409049165319795"
  Assets:Checking:Primary  -1.53 DKK
  Expenses:Bank:Fees  1.53 DKK

2024-01-15 * "Audible*RT41J72X0 Amzn.com/bill" "" #spiir
  spiir-id: "638409049165319796"
  Assets:Checking:Primary  -101.99 DKK
  Expenses:Uncategorized  101.99 DKK

2024-01-15 * "Føtex Hvidovrevej" "Dagligvarer" #spiir
  spiir-id: "638409050203330065"
  Assets:Checking:Dagligvarer  -570.14 DKK
  Expenses:Food:Groceries  570.14 DKK

2024-01-16 * "Udl. kortbetaling, 1.50% af DKK -30" "Bankgebyrer" #spiir
  spiir-id: "638409921332223242"
  Assets:Checking:Primary  -4.59 DKK
  Expenses:Bank:Fees  4.59 DKK

2024-01-16 * "1Password Toronto" "Online services & software" #spiir
  spiir-id: "638409921332223243"
  Assets:Checking:Primary  -305.98 DKK
  Expenses:Subscriptions:Software  305.98 DKK

2024-01-16 * "Motorafgifter DMR" "Ejerafgift/grøn afgift" #spiir
  spiir-id: "638409921332223244"
  Assets:Checking:Primary  -1317.65 DKK
  Expenses:Car:Tax  1317.65 DKK

2024-01-16 * "Mtb Tours Hillerod" "Biograf, koncerter & forlystelser" #spiir
  spiir-id: "638409922907391254"
  Assets:Checking:Dagligvarer  -85.00 DKK
  Expenses:Entertainment:Events  85.00 DKK

2024-01-16 * "Google Nest g.co/helppayÆ" "Alarmsystem" #spiir
  spiir-id: "638409922907391255"
  Assets:Checking:Dagligvarer  -40.00 DKK
  Expenses:House:Alarm  40.00 DKK

2024-01-16 * "Mtb Tours Hillerod" "Biograf, koncerter & forlystelser" #spiir
  spiir-id: "638409922907391256"
  Assets:Checking:Dagligvarer  -363.00 DKK
  Expenses:Entertainment:Events  363.00 DKK

2024-01-16 * "Til Dagligvarer" "Kontooverførsel" #spiir
  spiir-id: "638410799868471678"
  Assets:Checking:Primary  -1000.00 DKK
  Assets:Transfer  1000.00 DKK

2024-01-16 * "Motorafgift" "Kontooverførsel" #spiir
  spiir-id: "638410799868471679"
  Assets:Checking:Primary  1317.69 DKK
  Assets:Transfer  -1317.69 DKK

2024-01-16 * "Motorafgift" "Kontooverførsel" #spiir
  spiir-id: "638410800647196259"
  Assets:Checking:Fixed  -1317.69 DKK
  Assets:Transfer  1317.69 DKK

2024-01-16 * "Jia Yuan ApS" "Dagligvarer" #spiir
  spiir-id: "638410801250644408"
  Assets:Checking:Dagligvarer  -9.40 DKK
  Expenses:Food:Groceries  9.40 DKK

2024-01-16 * "Til Dagligvarer" "Kontooverførsel" #spiir
  spiir-id: "638410801250644409"
  Assets:Checking:Dagligvarer  1000.00 DKK
  Assets:Transfer  -1000.00 DKK

2024-01-16 * "Spiral" "Behandling & læger" #spiir
  spiir-id: "638410801250644410"
  Assets:Checking:Dagligvarer  1000.00 DKK
  Expenses:Health:Doctor  -1000.00 DKK

2024-01-16 * "Muji" "Ferieaktiviteter" #spiir
  spiir-id: "638410801250644411"
  Assets:Checking:Dagligvarer  239.00 DKK
  Expenses:Travel:Activities  -239.00 DKK

2024-01-16 * "Berlin døner" "" #spiir
  spiir-id: "638410801250644412"
  Assets:Checking:Dagligvarer  65.00 DKK
  Expenses:Uncategorized  -65.00 DKK

2024-01-16 * "Berlin Döner Kebab" "Fastfood & takeaway" #spiir
  spiir-id: "638410801250644413"
  Assets:Checking:Dagligvarer  -65.00 DKK
  Expenses:Food:Takeaway  65.00 DKK

2024-01-16 * "MobilePay" "" #spiir
  spiir-id: "638410801250644414"
  Assets:Checking:Dagligvarer  -1000.00 DKK
  Expenses:Uncategorized  1000.00 DKK

2024-01-17 * "Sp La Cabra Frederiksberg" "Dagligvarer" #spiir
  spiir-id: "638410801250644405"
  Assets:Checking:Dagligvarer  -50.00 DKK
  Expenses:Food:Groceries  50.00 DKK

2024-01-17 * "Sp La Cabra Frederiksberg" "Dagligvarer" #spiir
  spiir-id: "638410801250644406"
  Assets:Checking:Dagligvarer  -37.00 DKK
  Expenses:Food:Groceries  37.00 DKK

2024-01-17 * "Lidl" "Dagligvarer" #spiir
  spiir-id: "638410801250644407"
  Assets:Checking:Dagligvarer  -96.78 DKK
  Expenses:Food:Groceries  96.78 DKK

2024-01-17 * "Autotal I/S" "Værksted & reservedele" #spiir
  spiir-id: "638411694220915702"
  Assets:Checking:Dagligvarer  -217.64 DKK
  Expenses:Car:Service  217.64 DKK

2024-01-18 * "MUJI Denmark ApS Koebenhavn" "Møbler & boligudstyr" #spiir
  spiir-id: "638411694220915701"
  Assets:Checking:Dagligvarer  -263.00 DKK
  Expenses:Shopping:Furniture  263.00 DKK

2024-01-19 * "Børne- og Ungeydelse" "Børnepenge" #spiir
  spiir-id: "638412550969225034"
  Assets:Checking:Primary  5124.00 DKK
  Income:ChildBenefit  -5124.00 DKK

2024-01-19 * "Spotify" "Film, musik & læsestof" #spiir
  spiir-id: "638412552558440477"
  Assets:Checking:Dagligvarer  -149.00 DKK
  Expenses:Entertainment:Media  149.00 DKK

2024-01-19 * "Netto Friheden" "Dagligvarer" #spiir
  spiir-id: "638412552558440478"
  Assets:Checking:Dagligvarer  -322.90 DKK
  Expenses:Food:Groceries  322.90 DKK

2024-01-19 * "MobilePay Tina Jensen" "" #spiir
  spiir-id: "638413384842142495"
  Assets:Checking:Primary  -1000.00 DKK
  Expenses:Uncategorized  1000.00 DKK

2024-01-19 * "Netto Gl. Køge Lan" "Dagligvarer" #spiir
  spiir-id: "638413386367029247"
  Assets:Checking:Dagligvarer  -214.55 DKK
  Expenses:Food:Groceries  214.55 DKK

2024-01-22 * "Børnepenge - PRM" "Kontooverførsel" #spiir
  spiir-id: "638415145148159501"
  Assets:Checking:Primary  -2327.00 DKK
  Assets:Transfer  2327.00 DKK

2024-01-22 * "Udl. kortbetaling, 1.50% af DKK -19" "Ferieaktiviteter" #spiir
  spiir-id: "638415145148159502"
  Assets:Checking:Primary  -28.77 DKK
  Expenses:Travel:Activities  28.77 DKK

2024-01-22 * "Copilot Httpsmycopilo" "" #spiir
  spiir-id: "638415145148159503"
  Assets:Checking:Primary  -1918.01 DKK
  Expenses:Uncategorized  1918.01 DKK

2024-01-22 * "Børnepenge - LAH" "Kontooverførsel" #spiir
  spiir-id: "638415146178269823"
  Assets:Checking:Fixed  2327.00 DKK
  Assets:Transfer  -2327.00 DKK

2024-01-22 * "Børnepenge - PRM" "Børnepenge" #spiir
  spiir-id: "638415146178269824"
  Assets:Checking:Fixed  2327.00 DKK
  Income:ChildBenefit  -2327.00 DKK

2024-01-22 * "Itunes.Com" "Online services & software" #spiir
  spiir-id: "638415147156868950"
  Assets:Checking:Dagligvarer  -89.00 DKK
  Expenses:Subscriptions:Software  89.00 DKK

2024-01-22 * "Fly Polen" "" #spiir
  spiir-id: "638415959746670670"
  Assets:Checking:Primary  -2864.00 DKK
  Expenses:Uncategorized  2864.00 DKK

2024-01-22 * "Coop365Hørve" "Dagligvarer" #spiir
  spiir-id: "638415962013416734"
  Assets:Checking:Dagligvarer  -233.04 DKK
  Expenses:Food:Groceries  233.04 DKK

2024-01-23 * "Beta Boulders Copenhag K benhavn" "Sport & fritid" #spiir
  spiir-id: "638415959746670669"
  Assets:Checking:Primary  -965.00 DKK
  Expenses:Entertainment:Sports  965.00 DKK

2024-01-23 * "Den Kinesiske Købm" "Dagligvarer" #spiir
  spiir-id: "638416830345634325"
  Assets:Checking:Dagligvarer  -102.86 DKK
  Expenses:Food:Groceries  102.86 DKK

2024-01-24 * "Rejsekort - DSB" "Bus, tog, færge o.l." #spiir
  spiir-id: "638416828929214146"
  Assets:Checking:Primary  -300.00 DKK
  Expenses:Transport:Public  300.00 DKK

2024-01-24 * "tipster.dk 0-2-1" "" #spiir
  spiir-id: "638417679396001772"
  Assets:Checking:Dagligvarer  -470.00 DKK
  Expenses:Uncategorized  470.00 DKK

2024-01-25 * "Til Dagligvarer" "Kontooverførsel" #spiir
  spiir-id: "638418565949055049"
  Assets:Checking:Primary  -1000.00 DKK
  Assets:Transfer  1000.00 DKK

2024-01-25 * "Til Dagligvarer" "Kontooverførsel" #spiir
  spiir-id: "638418567958646445"
  Assets:Checking:Dagligvarer  1000.00 DKK
  Assets:Transfer  -1000.00 DKK

2024-01-25 * "Privatskoler" "" #spiir
  spiir-id: "638418567958646446"
  Assets:Checking:Dagligvarer  1000.00 DKK
  Expenses:Uncategorized  -1000.00 DKK

2024-01-25 * "Lidl" "Dagligvarer" #spiir
  spiir-id: "638418567958646447"
  Assets:Checking:Dagligvarer  -43.95 DKK
  Expenses:Food:Groceries  43.95 DKK

2024-01-26 * "AmerSports Kokkedal" "Tøj, sko & accessories" #spiir
  spiir-id: "638418565949055048"
  Assets:Checking:Primary  -1584.00 DKK
  Expenses:Shopping:Clothing  1584.00 DKK

2024-01-26 * "MobilePay DOT APP" "Bus, tog, færge o.l." #spiir
  spiir-id: "638419439576714131"
  Assets:Checking:Primary  -24.00 DKK
  Expenses:Transport:Public  24.00 DKK

2024-01-26 * "Q8 Service" "Brændstof" #spiir
  spiir-id: "638419440866106493"
  Assets:Checking:Dagligvarer  -200.00 DKK
  Expenses:Car:Gas  200.00 DKK

2024-01-26 * "Netto Hvidovrevej" "Dagligvarer" #spiir
  spiir-id: "638419440866106494"
  Assets:Checking:Dagligvarer  -184.30 DKK
  Expenses:Food:Groceries  184.30 DKK

2024-01-26 * "Bilka Ishøj" "Dagligvarer" #spiir
  spiir-id: "638419440866106495"
  Assets:Checking:Dagligvarer  -29.25 DKK
  Expenses:Food:Groceries  29.25 DKK

2024-01-27 * "Lån til LA 20.000" "" #spiir
  spiir-id: "638420244429225425"
  Assets:Checking:Primary  -20000.00 DKK
  Expenses:Uncategorized  20000.00 DKK

2024-01-28 * "MobilePay Jonas Fischer Jørgensen" "" #spiir
  spiir-id: "638421168359871946"
  Assets:Checking:Primary  -300.00 DKK
  Expenses:Uncategorized  300.00 DKK

2024-01-28 * "MobilePay Charlotte Nielsen" "" #spiir
  spiir-id: "638421168359871947"
  Assets:Checking:Primary  -200.00 DKK
  Expenses:Uncategorized  200.00 DKK

2024-01-29 * "Uzr*Bergfreunde.Dk Kirchentellin" "Tøj, sko & accessories" #spiir
  spiir-id: "638421168359871944"
  Assets:Checking:Primary  -656.11 DKK
  Expenses:Shopping:Clothing  656.11 DKK

2024-01-29 * "Motor, overskydende" "Overskydende skat" #spiir
  spiir-id: "638421168359871945"
  Assets:Checking:Primary  1231.24 DKK
  Income:Tax:Refund  -1231.24 DKK

2024-01-29 * "Netto Købkes Plads" "Dagligvarer" #spiir
  spiir-id: "638421169880875390"
  Assets:Checking:Dagligvarer  -69.32 DKK
  Expenses:Food:Groceries  69.32 DKK

2024-01-29 * "Netto Købkes Plads" "Dagligvarer" #spiir
  spiir-id: "638421169880875391"
  Assets:Checking:Dagligvarer  -66.00 DKK
  Expenses:Food:Groceries  66.00 DKK

2024-01-29 * "Hooked Carlsbergby" "Bar, cafe & restaurant" #spiir
  spiir-id: "638421169880875392"
  Assets:Checking:Dagligvarer  -85.00 DKK
  Expenses:Food:Restaurant  85.00 DKK

2024-01-29 * "Uvdata A/S" "Online services & software" #spiir
  spiir-id: "638421169880875393"
  Assets:Checking:Dagligvarer  -700.00 DKK
  Expenses:Subscriptions:Software  700.00 DKK

2024-01-29 * "Uvdata A/S" "Online services & software" #spiir
  spiir-id: "638421169880875394"
  Assets:Checking:Dagligvarer  -200.00 DKK
  Expenses:Subscriptions:Software  200.00 DKK

2024-01-29 * "INGO Guldborgsund" "Brændstof" #spiir
  spiir-id: "638422045177392407"
  Assets:Checking:Dagligvarer  -150.06 DKK
  Expenses:Car:Gas  150.06 DKK

2024-01-30 * "Cadence ApS Koebenhavn V" "Bar, cafe & restaurant" #spiir
  spiir-id: "638422045177392406"
  Assets:Checking:Dagligvarer  -42.00 DKK
  Expenses:Food:Restaurant  42.00 DKK

2024-01-30 * "MobilePay Mille Frederikke Munch Lu" "" #spiir
  spiir-id: "638422851663641165"
  Assets:Checking:Primary  -260.00 DKK
  Expenses:Uncategorized  260.00 DKK

2024-01-30 * "MobilePay DOT APP" "Bus, tog, færge o.l." #spiir
  spiir-id: "638422851663641166"
  Assets:Checking:Primary  -24.00 DKK
  Expenses:Transport:Public  24.00 DKK

2024-01-30 * "tipster.dk 2-2-8" "" #spiir
  spiir-id: "638422851663641167"
  Assets:Checking:Primary  -130.00 DKK
  Expenses:Uncategorized  130.00 DKK

2024-01-30 * "Netto Gl. Køge Lan" "Dagligvarer" #spiir
  spiir-id: "638422853157925197"
  Assets:Checking:Dagligvarer  -361.90 DKK
  Expenses:Food:Groceries  361.90 DKK

2024-01-30 * "Netto Valby Maskin" "Dagligvarer" #spiir
  spiir-id: "638422853157925198"
  Assets:Checking:Dagligvarer  -116.90 DKK
  Expenses:Food:Groceries  116.90 DKK

2024-01-31 * "Huslån - PRM" "Kontooverførsel" #spiir
  spiir-id: "638422851663641163"
  Assets:Checking:Primary  -8947.08 DKK
  Assets:Transfer  8947.08 DKK

2024-01-31 * "Nedbetaling huslån - PRM" "Kontooverførsel" #spiir
  spiir-id: "638422851663641164"
  Assets:Checking:Primary  -8947.08 DKK
  Assets:Transfer  8947.08 DKK

2024-01-31 * "Huslån - LAH" "Kontooverførsel" #spiir
  spiir-id: "638422852361468386"
  Assets:Checking:Fixed  8947.08 DKK
  Assets:Transfer  -8947.08 DKK

2024-01-31 * "Huslån - PRM" "Kontooverførsel" #spiir
  spiir-id: "638422852361468387"
  Assets:Checking:Fixed  8947.08 DKK
  Assets:Transfer  -8947.08 DKK

2024-01-31 * "MobilePay" "" #spiir
  spiir-id: "638423678135405612"
  Assets:Checking:Dagligvarer  -750.00 DKK
  Expenses:Uncategorized  750.00 DKK

2024-01-31 * "Netto Gl. Køge Lan" "Dagligvarer" #spiir
  spiir-id: "638423678135405613"
  Assets:Checking:Dagligvarer  -27.95 DKK
  Expenses:Food:Groceries  27.95 DKK

2024-02-01 * "Lønoverførsel" "Løn" #spiir
  spiir-id: "638422851663641162"
  Assets:Checking:Primary  36301.00 DKK
  Income:Salary  -36301.00 DKK

2024-02-01 * "3 Danmark Koebenhavn SV" "Telefoni & internet" #spiir
  spiir-id: "638423676288539532"
  Assets:Checking:Primary  -160.00 DKK
  Expenses:Subscriptions:Telecom  160.00 DKK

2024-02-01 * "Tandforsikring - PRM" "Kontooverførsel" #spiir
  spiir-id: "638423676288539533"
  Assets:Checking:Primary  -60.00 DKK
  Assets:Transfer  60.00 DKK

2024-02-01 * "Spotify" "Kontooverførsel" #spiir
  spiir-id: "638423676288539534"
  Assets:Checking:Primary  -97.00 DKK
  Assets:Transfer  97.00 DKK

2024-02-01 * "Bilforsikr, afgift - PRM" "Kontooverførsel" #spiir
  spiir-id: "638423676288539535"
  Assets:Checking:Primary  -250.00 DKK
  Assets:Transfer  250.00 DKK

2024-02-01 * "Hus, indboforsikr - PRM" "Kontooverførsel" #spiir
  spiir-id: "638423676288539536"
  Assets:Checking:Primary  -347.00 DKK
  Assets:Transfer  347.00 DKK

2024-02-01 * "Ulykkesforsikring" "Kontooverførsel" #spiir
  spiir-id: "638423676288539537"
  Assets:Checking:Primary  -539.50 DKK
  Assets:Transfer  539.50 DKK

2024-02-01 * "El, vand og varme - PRM" "Kontooverførsel" #spiir
  spiir-id: "638423676288539538"
  Assets:Checking:Primary  -1084.00 DKK
  Assets:Transfer  1084.00 DKK

2024-02-01 * "Ejendommensskat - PRM" "Kontooverførsel" #spiir
  spiir-id: "638423676288539539"
  Assets:Checking:Primary  -1224.50 DKK
  Assets:Transfer  1224.50 DKK

2024-02-01 * "Vuggestue - PRM" "Kontooverførsel" #spiir
  spiir-id: "638423676288539540"
  Assets:Checking:Primary  -2010.50 DKK
  Assets:Transfer  2010.50 DKK

2024-02-01 * "Dagligvarer - PRM" "Kontooverførsel" #spiir
  spiir-id: "638423676288539541"
  Assets:Checking:Primary  -3500.00 DKK
  Assets:Transfer  3500.00 DKK

2024-02-01 * "Nordnet Aktiedepot" "Værdipapirshandel" #spiir
  spiir-id: "638423676288539542"
  Assets:Checking:Primary  -5000.00 DKK
  Assets:Savings:Investments  5000.00 DKK

2024-02-01 * "iCloud Fastefæll.udgifte" "Kontooverførsel" #spiir
  spiir-id: "638423676288539543"
  Assets:Checking:Primary  69.00 DKK
  Assets:Transfer  -69.00 DKK

2024-02-01 * "Tryg" "Indbo- & familieforsikring" #spiir
  spiir-id: "638423677058384435"
  Assets:Checking:Fixed  -568.58 DKK
  Expenses:House:Contents-Insurance  568.58 DKK

2024-02-01 * "Tryg" "Indbo- & familieforsikring" #spiir
  spiir-id: "638423677058384436"
  Assets:Checking:Fixed  -329.99 DKK
  Expenses:House:Contents-Insurance  329.99 DKK

2024-02-01 * "Tryg" "Indbo- & familieforsikring" #spiir
  spiir-id: "638423677058384437"
  Assets:Checking:Fixed  -1048.94 DKK
  Expenses:House:Contents-Insurance  1048.94 DKK

2024-02-01 * "Tryg" "Indbo- & familieforsikring" #spiir
  spiir-id: "638423677058384438"
  Assets:Checking:Fixed  -389.64 DKK
  Expenses:House:Contents-Insurance  389.64 DKK

2024-02-01 * "Realkredit Danmark" "Boliglån/husleje" #spiir
  spiir-id: "638423677058384439"
  Assets:Checking:Fixed  -17875.51 DKK
  Expenses:House:Mortgage  17875.51 DKK

2024-02-01 * "Tandforsikring - LAH" "Kontooverførsel" #spiir
  spiir-id: "638423677058384440"
  Assets:Checking:Fixed  60.00 DKK
  Assets:Transfer  -60.00 DKK

2024-02-01 * "Spotify" "Kontooverførsel" #spiir
  spiir-id: "638423677058384441"
  Assets:Checking:Fixed  97.00 DKK
  Assets:Transfer  -97.00 DKK

2024-02-01 * "Bilforsikr, afgift - LAH" "Kontooverførsel" #spiir
  spiir-id: "638423677058384442"
  Assets:Checking:Fixed  250.00 DKK
  Assets:Transfer  -250.00 DKK

2024-02-01 * "Hus, indboforsikr - LAH" "Kontooverførsel" #spiir
  spiir-id: "638423677058384443"
  Assets:Checking:Fixed  347.00 DKK
  Assets:Transfer  -347.00 DKK

2024-02-01 * "El, vand og varme - LAH" "Kontooverførsel" #spiir
  spiir-id: "638423677058384444"
  Assets:Checking:Fixed  1084.00 DKK
  Assets:Transfer  -1084.00 DKK

2024-02-01 * "Ejendomsskat - LAH" "Kontooverførsel" #spiir
  spiir-id: "638423677058384445"
  Assets:Checking:Fixed  1224.50 DKK
  Assets:Transfer  -1224.50 DKK

2024-02-01 * "Vuggestue - LAH" "Kontooverførsel" #spiir
  spiir-id: "638423677058384446"
  Assets:Checking:Fixed  2010.50 DKK
  Assets:Transfer  -2010.50 DKK

2024-02-01 * "Tandforsikring - PRM" "Sundheds- & sygeforsikring" #spiir
  spiir-id: "638423677058384447"
  Assets:Checking:Fixed  60.00 DKK
  Expenses:Insurance:Health  -60.00 DKK

2024-02-01 * "Spotify" "Film, musik & læsestof" #spiir
  spiir-id: "638423677058384448"
  Assets:Checking:Fixed  97.00 DKK
  Expenses:Entertainment:Media  -97.00 DKK

2024-02-01 * "Bilforsikr, afgift - PRM" "Bilforsikring & autohjælp" #spiir
  spiir-id: "638423677058384449"
  Assets:Checking:Fixed  250.00 DKK
  Expenses:Car:Insurance  -250.00 DKK

2024-02-01 * "Hus, indboforsikr - PRM" "Husforsikring" #spiir
  spiir-id: "638423677058384450"
  Assets:Checking:Fixed  347.00 DKK
  Expenses:House:Insurance  -347.00 DKK

2024-02-01 * "Ulykkesforsikring - PRM" "Kontooverførsel" #spiir
  spiir-id: "638423677058384451"
  Assets:Checking:Fixed  539.50 DKK
  Assets:Transfer  -539.50 DKK

2024-02-01 * "El, vand og varme - PRM" "El, vand, varme & renovation" #spiir
  spiir-id: "638423677058384452"
  Assets:Checking:Fixed  1084.00 DKK
  Expenses:House:Heating  -1084.00 DKK

2024-02-01 * "Ejendommensskat - PRM" "Ejendomsskat" #spiir
  spiir-id: "638423677058384453"
  Assets:Checking:Fixed  1224.50 DKK
  Expenses:House:Tax  -1224.50 DKK

2024-02-01 * "Vuggestue - PRM" "Institution" #spiir
  spiir-id: "638423677058384454"
  Assets:Checking:Fixed  2010.50 DKK
  Expenses:Kids:Institution  -2010.50 DKK

2024-02-01 * "iCloud" "Kontooverførsel" #spiir
  spiir-id: "638423677058384455"
  Assets:Checking:Fixed  -69.00 DKK
  Assets:Transfer  69.00 DKK

2024-02-01 * "Fællesudgifter" "Kontooverførsel" #spiir
  spiir-id: "638423678135405610"
  Assets:Checking:Dagligvarer  3500.00 DKK
  Assets:Transfer  -3500.00 DKK

2024-02-01 * "Dagligvarer - PRM" "Dagligvarer" #spiir
  spiir-id: "638423678135405611"
  Assets:Checking:Dagligvarer  3500.00 DKK
  Expenses:Food:Groceries  -3500.00 DKK

2024-02-01 * "MobilePay Lee Ann Hollesen" "Hobby & sportsudstyr" #spiir
  spiir-id: "638424534350913735"
  Assets:Checking:Primary  320.00 DKK
  Expenses:Shopping:Sports  -320.00 DKK

2024-02-01 * "hiper.dk" "Telefoni & internet" #spiir
  spiir-id: "638424534350913736"
  Assets:Checking:Primary  -319.00 DKK
  Expenses:Subscriptions:Telecom  319.00 DKK

2024-02-01 * "Lidl" "Dagligvarer" #spiir
  spiir-id: "638424536088222536"
  Assets:Checking:Dagligvarer  -31.00 DKK
  Expenses:Food:Groceries  31.00 DKK

2024-02-02 * "MobilePay Therese Grytten Gustavsen" "" #spiir
  spiir-id: "638425395936894102"
  Assets:Checking:Dagligvarer  -80.00 DKK
  Expenses:Uncategorized  80.00 DKK

2024-02-02 * "Coop365 Ndr.brogad" "Dagligvarer" #spiir
  spiir-id: "638425395936894103"
  Assets:Checking:Dagligvarer  -2.00 DKK
  Expenses:Food:Groceries  2.00 DKK

2024-02-02 * "Coop365 Ndr.brogad" "Dagligvarer" #spiir
  spiir-id: "638425395937497035"
  Assets:Checking:Dagligvarer  -57.00 DKK
  Expenses:Food:Groceries  57.00 DKK

2024-02-02 * "Cykelpartner.dk Ap" "Anden transport" #spiir
  spiir-id: "638425395937497036"
  Assets:Checking:Dagligvarer  149.00 DKK
  Expenses:Transport:Other  -149.00 DKK

2024-02-02 * "Cykelpartner.dk Ap" "Anden transport" #spiir
  spiir-id: "638425395937497037"
  Assets:Checking:Dagligvarer  250.00 DKK
  Expenses:Transport:Other  -250.00 DKK

2024-02-02 * "Lidl" "Dagligvarer" #spiir
  spiir-id: "638425395937497038"
  Assets:Checking:Dagligvarer  -699.58 DKK
  Expenses:Food:Groceries  699.58 DKK

2024-02-05 * "Ida Ingeniørfore. i Danm" "Fagforening & a-kasse" #spiir
  spiir-id: "638427133784950520"
  Assets:Checking:Primary  -878.25 DKK
  Expenses:Insurance:Union  878.25 DKK

2024-02-05 * "Netto Hvidovrevej" "Dagligvarer" #spiir
  spiir-id: "638427135506257737"
  Assets:Checking:Dagligvarer  -207.15 DKK
  Expenses:Food:Groceries  207.15 DKK

2024-02-05 * "Parkman" "Parkering" #spiir
  spiir-id: "638427135506257738"
  Assets:Checking:Dagligvarer  -24.83 DKK
  Expenses:Car:Parking  24.83 DKK

2024-02-05 * "MobilePay DOT APP" "Bus, tog, færge o.l." #spiir
  spiir-id: "638428056099425662"
  Assets:Checking:Primary  -24.00 DKK
  Expenses:Transport:Public  24.00 DKK

2024-02-06 * "Car Hire From Carflexi Zug" "Billeje" #spiir
  spiir-id: "638428056099425661"
  Assets:Checking:Primary  -629.31 DKK
  Expenses:Travel:Car-Rental  629.31 DKK

2024-02-06 * "Hvidovre kommune" "Institution" #spiir
  spiir-id: "638428056889445333"
  Assets:Checking:Fixed  -6516.00 DKK
  Expenses:Kids:Institution  6516.00 DKK

2024-02-06 * "Evida Service Nord A/S" "El, vand, varme & renovation" #spiir
  spiir-id: "638428056889445334"
  Assets:Checking:Fixed  -1945.98 DKK
  Expenses:House:Heating  1945.98 DKK

2024-02-06 * "Sp Loop Earplugs Antwerp" "" #spiir
  spiir-id: "638428057492596852"
  Assets:Checking:Dagligvarer  -197.00 DKK
  Expenses:Uncategorized  197.00 DKK

2024-02-06 * "R-Bakery Hvidovre" "Kiosk, bager & specialbutikker" #spiir
  spiir-id: "638428057492596853"
  Assets:Checking:Dagligvarer  -45.00 DKK
  Expenses:Food:Kiosk  45.00 DKK

2024-02-06 * "Netto Hvidovrevej" "Dagligvarer" #spiir
  spiir-id: "638428057492596854"
  Assets:Checking:Dagligvarer  -135.90 DKK
  Expenses:Food:Groceries  135.90 DKK

2024-02-06 * "Tilbagebetaling lån" "Private lån (venner & familie)" #spiir
  spiir-id: "638428917077716921"
  Assets:Checking:Primary  20000.00 DKK
  Expenses:Loans:Private  -20000.00 DKK

2024-02-06 * "MobilePay DOT APP" "Bus, tog, færge o.l." #spiir
  spiir-id: "638428917077716922"
  Assets:Checking:Primary  -24.00 DKK
  Expenses:Transport:Public  24.00 DKK

2024-02-07 * "Rejsekort - DSB" "Bus, tog, færge o.l." #spiir
  spiir-id: "638428917077560180"
  Assets:Checking:Primary  -300.00 DKK
  Expenses:Transport:Public  300.00 DKK

2024-02-07 * "GoFundMe Dublin" "Gaver & velgørenhed" #spiir
  spiir-id: "638428919014934132"
  Assets:Checking:Dagligvarer  -197.57 DKK
  Expenses:Gifts  197.57 DKK

2024-02-07 * "Ejendomsskat renovation" "Ejendomsskat" #spiir
  spiir-id: "638429738885981659"
  Assets:Checking:Fixed  -2429.91 DKK
  Expenses:House:Tax  2429.91 DKK

2024-02-07 * "Donation retur" "Gaver & velgørenhed" #spiir
  spiir-id: "638429739840098183"
  Assets:Checking:Dagligvarer  197.57 DKK
  Expenses:Gifts  -197.57 DKK

2024-02-07 * "Amazon" "Film, musik & læsestof" #spiir
  spiir-id: "638429739840098184"
  Assets:Checking:Dagligvarer  207.00 DKK
  Expenses:Entertainment:Media  -207.00 DKK

2024-02-08 * "Jupiter Ekstra Gl. Kongev Koebenh" "Anden transport" #spiir
  spiir-id: "638429738026471288"
  Assets:Checking:Primary  -579.00 DKK
  Expenses:Transport:Other  579.00 DKK

2024-02-08 * "Netto Vigerslevvej" "Dagligvarer" #spiir
  spiir-id: "638429739839917440"
  Assets:Checking:Dagligvarer  -132.15 DKK
  Expenses:Food:Groceries  132.15 DKK

2024-02-08 * "Roborock S8 robotstøvsuge" "" #spiir
  spiir-id: "638430711509758717"
  Assets:Checking:Fixed  -3829.00 DKK
  Expenses:Uncategorized  3829.00 DKK

2024-02-09 * "MobilePay Dan Meakin" "Bar, cafe & restaurant" #spiir
  spiir-id: "638431525609409902"
  Assets:Checking:Primary  149.00 DKK
  Expenses:Food:Restaurant  -149.00 DKK

2024-02-12 * "Bootleggers Ib ApS" "Bar, cafe & restaurant" #spiir
  spiir-id: "638433227630375886"
  Assets:Checking:Primary  -140.00 DKK
  Expenses:Food:Restaurant  140.00 DKK

2024-02-12 * "Bootleggers Ib ApS" "Bar, cafe & restaurant" #spiir
  spiir-id: "638433227630375887"
  Assets:Checking:Primary  -70.00 DKK
  Expenses:Food:Restaurant  70.00 DKK

2024-02-12 * "Bootleggers Ib ApS" "Bar, cafe & restaurant" #spiir
  spiir-id: "638433227630375888"
  Assets:Checking:Primary  -45.00 DKK
  Expenses:Food:Restaurant  45.00 DKK

2024-02-12 * "DSB 7-Eleven NPPer" "Kiosk, bager & specialbutikker" #spiir
  spiir-id: "638433227630375889"
  Assets:Checking:Primary  -25.00 DKK
  Expenses:Food:Kiosk  25.00 DKK

2024-02-12 * "Netto Gl. Køge Lan" "Dagligvarer" #spiir
  spiir-id: "638433229502886723"
  Assets:Checking:Dagligvarer  -388.90 DKK
  Expenses:Food:Groceries  388.90 DKK

2024-02-12 * "AMZN Mktp DE" "Andet privatforbrug" #spiir
  spiir-id: "638433229502886724"
  Assets:Checking:Dagligvarer  -884.01 DKK
  Expenses:Shopping:Other  884.01 DKK

2024-02-13 * "Udl. kortbetaling, 1.50% af DKK -10" "Bankgebyrer" #spiir
  spiir-id: "638434105172436655"
  Assets:Checking:Primary  -1.55 DKK
  Expenses:Bank:Fees  1.55 DKK

2024-02-13 * "Audible*RB7LB10W1 Amzn.com/bill" "" #spiir
  spiir-id: "638434105172436656"
  Assets:Checking:Primary  -103.57 DKK
  Expenses:Uncategorized  103.57 DKK

2024-02-13 * "Fatty s order via Horago Esbjerg" "Fastfood & takeaway" #spiir
  spiir-id: "638434105172436657"
  Assets:Checking:Primary  -338.80 DKK
  Expenses:Food:Takeaway  338.80 DKK

2024-02-13 * "CinemaxX Danmark A/S Koebenhavn" "Biograf, koncerter & forlystelser" #spiir
  spiir-id: "638434107187258620"
  Assets:Checking:Dagligvarer  -108.00 DKK
  Expenses:Entertainment:Events  108.00 DKK

2024-02-13 * "Itunes.Com" "Online services & software" #spiir
  spiir-id: "638434107187258621"
  Assets:Checking:Dagligvarer  -199.00 DKK
  Expenses:Subscriptions:Software  199.00 DKK

2024-02-13 * "Kft Jylland-Kbh Koebenhavn V" "Dagligvarer" #spiir
  spiir-id: "638434107187258622"
  Assets:Checking:Dagligvarer  -464.48 DKK
  Expenses:Food:Groceries  464.48 DKK

2024-02-14 * "Google Nest g.co/helppayÆ" "Alarmsystem" #spiir
  spiir-id: "638434973513786018"
  Assets:Checking:Dagligvarer  -40.00 DKK
  Expenses:House:Alarm  40.00 DKK

2024-02-15 * "AMZN Mktp DE" "Andet privatforbrug" #spiir
  spiir-id: "638435861586234845"
  Assets:Checking:Dagligvarer  106.13 DKK
  Expenses:Shopping:Other  -106.13 DKK

2024-02-15 * "Fovl ApS" "Bar, cafe & restaurant" #spiir
  spiir-id: "638435861586234846"
  Assets:Checking:Dagligvarer  -45.00 DKK
  Expenses:Food:Restaurant  45.00 DKK

2024-02-15 * "Netto Tomgårdsvej" "Dagligvarer" #spiir
  spiir-id: "638435861586234847"
  Assets:Checking:Dagligvarer  -316.85 DKK
  Expenses:Food:Groceries  316.85 DKK

2024-02-15 * "Netto Tomgårdsvej" "Dagligvarer" #spiir
  spiir-id: "638435861586234848"
  Assets:Checking:Dagligvarer  -164.20 DKK
  Expenses:Food:Groceries  164.20 DKK

2024-02-15 * "tipster.dk 5-2-6" "" #spiir
  spiir-id: "638436726534404825"
  Assets:Checking:Dagligvarer  -150.00 DKK
  Expenses:Uncategorized  150.00 DKK

2024-02-19 * "A-H Cykler" "Anden transport" #spiir
  spiir-id: "638439364903913703"
  Assets:Checking:Primary  -6761.00 DKK
  Expenses:Transport:Other  6761.00 DKK

2024-02-19 * "Netto Hvidovrevej" "Dagligvarer" #spiir
  spiir-id: "638439366651322203"
  Assets:Checking:Dagligvarer  -321.65 DKK
  Expenses:Food:Groceries  321.65 DKK

2024-02-19 * "Centerforeningen F" "Ferieaktiviteter" #spiir
  spiir-id: "638439366651322204"
  Assets:Checking:Dagligvarer  -60.00 DKK
  Expenses:Travel:Activities  60.00 DKK

2024-02-19 * "Fisketorvet Føtex" "Dagligvarer" #spiir
  spiir-id: "638439366651322205"
  Assets:Checking:Dagligvarer  -30.00 DKK
  Expenses:Food:Groceries  30.00 DKK

2024-02-19 * "Fisketorvet Føtex" "Dagligvarer" #spiir
  spiir-id: "638439366651322206"
  Assets:Checking:Dagligvarer  -80.00 DKK
  Expenses:Food:Groceries  80.00 DKK

2024-02-19 * "Fisketorvet Føtex" "Dagligvarer" #spiir
  spiir-id: "638439366651322207"
  Assets:Checking:Dagligvarer  -12.00 DKK
  Expenses:Food:Groceries  12.00 DKK

2024-02-19 * "Normal - Fisketorv" "Dagligvarer" #spiir
  spiir-id: "638439366651322208"
  Assets:Checking:Dagligvarer  -2.00 DKK
  Expenses:Food:Groceries  2.00 DKK

2024-02-19 * "Normal - Fisketorv" "Dagligvarer" #spiir
  spiir-id: "638439366651322209"
  Assets:Checking:Dagligvarer  -26.00 DKK
  Expenses:Food:Groceries  26.00 DKK

2024-02-20 * "CURA of Sweden Sundsvall" "Møbler & boligudstyr" #spiir
  spiir-id: "638440132973582917"
  Assets:Checking:Primary  -657.00 DKK
  Expenses:Shopping:Furniture  657.00 DKK

2024-02-20 * "Spotify" "Film, musik & læsestof" #spiir
  spiir-id: "638440134996454798"
  Assets:Checking:Dagligvarer  -149.00 DKK
  Expenses:Entertainment:Media  149.00 DKK

2024-02-20 * "CinemaxX Copenhagen Koebenhavn" "Biograf, koncerter & forlystelser" #spiir
  spiir-id: "638440134996454799"
  Assets:Checking:Dagligvarer  -45.00 DKK
  Expenses:Entertainment:Events  45.00 DKK

2024-02-20 * "Itunes.Com" "Online services & software" #spiir
  spiir-id: "638440134996454800"
  Assets:Checking:Dagligvarer  -89.00 DKK
  Expenses:Subscriptions:Software  89.00 DKK

2024-02-20 * "MobilePay Mille Frederikke Munch Lu" "" #spiir
  spiir-id: "638441074085532072"
  Assets:Checking:Dagligvarer  -130.00 DKK
  Expenses:Uncategorized  130.00 DKK

2024-02-20 * "tipster.dk 7-2-8" "" #spiir
  spiir-id: "638441074085532073"
  Assets:Checking:Dagligvarer  -250.00 DKK
  Expenses:Uncategorized  250.00 DKK

2024-02-21 * "UME ASIAN SUPERMARKET Kobenhavn" "Dagligvarer" #spiir
  spiir-id: "638441074085532069"
  Assets:Checking:Dagligvarer  -137.70 DKK
  Expenses:Food:Groceries  137.70 DKK

2024-02-21 * "Jia Yuan ApS" "Dagligvarer" #spiir
  spiir-id: "638441074085532071"
  Assets:Checking:Dagligvarer  -12.00 DKK
  Expenses:Food:Groceries  12.00 DKK

2024-02-21 * "Coop365Hørve" "Dagligvarer" #spiir
  spiir-id: "638441842090227124"
  Assets:Checking:Dagligvarer  -158.65 DKK
  Expenses:Food:Groceries  158.65 DKK

2024-02-23 * "Føtex Frederiksber" "Dagligvarer" #spiir
  spiir-id: "638442733541702627"
  Assets:Checking:Dagligvarer  -382.20 DKK
  Expenses:Food:Groceries  382.20 DKK

2024-02-23 * "Til Dagligvarer" "Kontooverførsel" #spiir
  spiir-id: "638443595371953587"
  Assets:Checking:Primary  -1000.00 DKK
  Assets:Transfer  1000.00 DKK

2024-02-23 * "Tommi's Burger Joi" "Fastfood & takeaway" #spiir
  spiir-id: "638443595371953588"
  Assets:Checking:Primary  -455.00 DKK
  Expenses:Food:Takeaway  455.00 DKK

2024-02-23 * "Fra Lee Ann Hollesen" "Kontooverførsel" #spiir
  spiir-id: "638443599008281149"
  Assets:Checking:Dagligvarer  1000.00 DKK
  Assets:Transfer  -1000.00 DKK

2024-02-23 * "Til Dagligvarer" "Dagligvarer" #spiir
  spiir-id: "638443599008281150"
  Assets:Checking:Dagligvarer  1000.00 DKK
  Expenses:Food:Groceries  -1000.00 DKK

2024-02-23 * "MED24.dk" "Apotek & medicin" #spiir
  spiir-id: "638443599008281151"
  Assets:Checking:Dagligvarer  -352.45 DKK
  Expenses:Health:Pharmacy  352.45 DKK

2024-02-26 * "Udl. kortbetaling, 1.50% af DKK -66" "Bankgebyrer" #spiir
  spiir-id: "638451486673332112"
  Assets:Checking:Primary  -9.94 DKK
  Expenses:Bank:Fees  9.94 DKK

2024-02-26 * "Readwise Httpsreadwise" "Online services & software" #spiir
  spiir-id: "638451486673332113"
  Assets:Checking:Primary  -662.43 DKK
  Expenses:Subscriptions:Software  662.43 DKK

2024-02-26 * "Kvickly Hvidovre" "Dagligvarer" #spiir
  spiir-id: "638451490217468748"
  Assets:Checking:Dagligvarer  -588.89 DKK
  Expenses:Food:Groceries  588.89 DKK

2024-02-26 * "INGO København, El" "Brændstof" #spiir
  spiir-id: "638451490217468749"
  Assets:Checking:Dagligvarer  -422.42 DKK
  Expenses:Car:Gas  422.42 DKK

2024-02-26 * "Den Grønlandske Ha" "Bar, cafe & restaurant" #spiir
  spiir-id: "638451490217468750"
  Assets:Checking:Dagligvarer  -155.00 DKK
  Expenses:Food:Restaurant  155.00 DKK

2024-02-26 * "Den Grønlandske Ha" "Bar, cafe & restaurant" #spiir
  spiir-id: "638451490217468751"
  Assets:Checking:Dagligvarer  -155.00 DKK
  Expenses:Food:Restaurant  155.00 DKK

2024-02-26 * "Lidl" "Dagligvarer" #spiir
  spiir-id: "638451490217468752"
  Assets:Checking:Dagligvarer  -277.80 DKK
  Expenses:Food:Groceries  277.80 DKK

2024-02-26 * "Vaccination Frederiksberg Frederi" "Behandling & læger" #spiir
  spiir-id: "638451490217468753"
  Assets:Checking:Dagligvarer  -590.00 DKK
  Expenses:Health:Doctor  590.00 DKK

2024-02-27 * "MobilePay" "" #spiir
  spiir-id: "638451490216720279"
  Assets:Checking:Dagligvarer  -400.00 DKK
  Expenses:Uncategorized  400.00 DKK

2024-02-27 * "Netto Hvidovrevej" "Dagligvarer" #spiir
  spiir-id: "638451490216720280"
  Assets:Checking:Dagligvarer  -181.15 DKK
  Expenses:Food:Groceries  181.15 DKK

2024-02-28 * "Det Gyldne Broed Ap Hvidovre" "Kiosk, bager & specialbutikker" #spiir
  spiir-id: "638451486673210000"
  Assets:Checking:Primary  -28.00 DKK
  Expenses:Food:Kiosk  28.00 DKK

2024-02-28 * "valbykino.dk" "Biograf, koncerter & forlystelser" #spiir
  spiir-id: "638451490216720275"
  Assets:Checking:Dagligvarer  -221.00 DKK
  Expenses:Entertainment:Events  221.00 DKK

2024-02-28 * "Tandlæge 20.10.23" "Behandling & læger" #spiir
  spiir-id: "638451490216720276"
  Assets:Checking:Dagligvarer  625.00 DKK
  Expenses:Health:Doctor  -625.00 DKK

2024-02-28 * "Lidl" "Dagligvarer" #spiir
  spiir-id: "638451490216720277"
  Assets:Checking:Dagligvarer  -44.40 DKK
  Expenses:Food:Groceries  44.40 DKK

2024-02-28 * "REMA 1000 Valby M" "Dagligvarer" #spiir
  spiir-id: "638451490216720278"
  Assets:Checking:Dagligvarer  -15.00 DKK
  Expenses:Food:Groceries  15.00 DKK

2024-02-29 * "Huslån - PRM" "Kontooverførsel" #spiir
  spiir-id: "638451486673209997"
  Assets:Checking:Primary  -8947.08 DKK
  Assets:Transfer  8947.08 DKK

2024-02-29 * "Nedbetaling huslån - PRM" "Kontooverførsel" #spiir
  spiir-id: "638451486673209998"
  Assets:Checking:Primary  -8947.08 DKK
  Assets:Transfer  8947.08 DKK

2024-02-29 * "Huslån - LAH" "Kontooverførsel" #spiir
  spiir-id: "638451488396961837"
  Assets:Checking:Fixed  8947.08 DKK
  Assets:Transfer  -8947.08 DKK

2024-02-29 * "Huslån - PRM" "Kontooverførsel" #spiir
  spiir-id: "638451488396961838"
  Assets:Checking:Fixed  8947.08 DKK
  Assets:Transfer  -8947.08 DKK

2024-02-29 * "Realkredit Danmark" "Boliglån/husleje" #spiir
  spiir-id: "638451488396961839"
  Assets:Checking:Fixed  -17875.51 DKK
  Expenses:House:Mortgage  17875.51 DKK

2024-03-01 * "hiper.dk" "Telefoni & internet" #spiir
  spiir-id: "638451486673019591"
  Assets:Checking:Primary  -319.00 DKK
  Expenses:Subscriptions:Telecom  319.00 DKK

2024-03-01 * "3 Danmark Koebenhavn SV" "Telefoni & internet" #spiir
  spiir-id: "638451486673019592"
  Assets:Checking:Primary  -160.00 DKK
  Expenses:Subscriptions:Telecom  160.00 DKK

2024-03-01 * "Tandforsikring - PRM" "Kontooverførsel" #spiir
  spiir-id: "638451486673209987"
  Assets:Checking:Primary  -60.00 DKK
  Assets:Transfer  60.00 DKK

2024-03-01 * "Spotify" "Kontooverførsel" #spiir
  spiir-id: "638451486673209988"
  Assets:Checking:Primary  -97.00 DKK
  Assets:Transfer  97.00 DKK

2024-03-01 * "Bilforsikr, afgift - PRM" "Kontooverførsel" #spiir
  spiir-id: "638451486673209989"
  Assets:Checking:Primary  -250.00 DKK
  Assets:Transfer  250.00 DKK

2024-03-01 * "Hus, indboforsikr - PRM" "Kontooverførsel" #spiir
  spiir-id: "638451486673209990"
  Assets:Checking:Primary  -347.00 DKK
  Assets:Transfer  347.00 DKK

2024-03-01 * "El, vand og varme - PRM" "Kontooverførsel" #spiir
  spiir-id: "638451486673209991"
  Assets:Checking:Primary  -1084.00 DKK
  Assets:Transfer  1084.00 DKK

2024-03-01 * "Ejendommensskat - PRM" "Kontooverførsel" #spiir
  spiir-id: "638451486673209992"
  Assets:Checking:Primary  -1224.50 DKK
  Assets:Transfer  1224.50 DKK

2024-03-01 * "Vuggestue - PRM" "Kontooverførsel" #spiir
  spiir-id: "638451486673209993"
  Assets:Checking:Primary  -2010.50 DKK
  Assets:Transfer  2010.50 DKK

2024-03-01 * "Dagligvarer - PRM" "Kontooverførsel" #spiir
  spiir-id: "638451486673209994"
  Assets:Checking:Primary  -3500.00 DKK
  Assets:Transfer  3500.00 DKK

2024-03-01 * "Nordnet Aktiedepot" "Værdipapirshandel" #spiir
  spiir-id: "638451486673209995"
  Assets:Checking:Primary  -5000.00 DKK
  Assets:Savings:Investments  5000.00 DKK

2024-03-01 * "iCloud Fastefæll.udgifte" "Kontooverførsel" #spiir
  spiir-id: "638451486673209996"
  Assets:Checking:Primary  69.00 DKK
  Assets:Transfer  -69.00 DKK

2024-03-01 * "Lønoverførsel" "Løn" #spiir
  spiir-id: "638451486673209999"
  Assets:Checking:Primary  36301.00 DKK
  Income:Salary  -36301.00 DKK

2024-03-01 * "Tryg" "Indbo- & familieforsikring" #spiir
  spiir-id: "638451488396546381"
  Assets:Checking:Fixed  -277.42 DKK
  Expenses:House:Contents-Insurance  277.42 DKK

2024-03-01 * "Tryg" "Indbo- & familieforsikring" #spiir
  spiir-id: "638451488396546382"
  Assets:Checking:Fixed  -389.64 DKK
  Expenses:House:Contents-Insurance  389.64 DKK

2024-03-01 * "Tandforsikring - LAH" "Kontooverførsel" #spiir
  spiir-id: "638451488396546383"
  Assets:Checking:Fixed  60.00 DKK
  Assets:Transfer  -60.00 DKK

2024-03-01 * "Spotify" "Kontooverførsel" #spiir
  spiir-id: "638451488396546384"
  Assets:Checking:Fixed  97.00 DKK
  Assets:Transfer  -97.00 DKK

2024-03-01 * "Bilforsikr, afgift - LAH" "Kontooverførsel" #spiir
  spiir-id: "638451488396546385"
  Assets:Checking:Fixed  250.00 DKK
  Assets:Transfer  -250.00 DKK

2024-03-01 * "Hus, indboforsikr - LAH" "Kontooverførsel" #spiir
  spiir-id: "638451488396546386"
  Assets:Checking:Fixed  347.00 DKK
  Assets:Transfer  -347.00 DKK

2024-03-01 * "El, vand og varme - LAH" "Kontooverførsel" #spiir
  spiir-id: "638451488396546387"
  Assets:Checking:Fixed  1084.00 DKK
  Assets:Transfer  -1084.00 DKK

2024-03-01 * "Ejendomsskat - LAH" "Kontooverførsel" #spiir
  spiir-id: "638451488396546388"
  Assets:Checking:Fixed  1224.50 DKK
  Assets:Transfer  -1224.50 DKK

2024-03-01 * "Vuggestue - LAH" "Kontooverførsel" #spiir
  spiir-id: "638451488396546389"
  Assets:Checking:Fixed  2010.50 DKK
  Assets:Transfer  -2010.50 DKK

2024-03-01 * "Tandforsikring - PRM" "Sundheds- & sygeforsikring" #spiir
  spiir-id: "638451488396546390"
  Assets:Checking:Fixed  60.00 DKK
  Expenses:Insurance:Health  -60.00 DKK

2024-03-01 * "Spotify" "Film, musik & læsestof" #spiir
  spiir-id: "638451488396546391"
  Assets:Checking:Fixed  97.00 DKK
  Expenses:Entertainment:Media  -97.00 DKK

2024-03-01 * "Bilforsikr, afgift - PRM" "Bilforsikring & autohjælp" #spiir
  spiir-id: "638451488396546392"
  Assets:Checking:Fixed  250.00 DKK
  Expenses:Car:Insurance  -250.00 DKK

2024-03-01 * "Hus, indboforsikr - PRM" "Husforsikring" #spiir
  spiir-id: "638451488396546393"
  Assets:Checking:Fixed  347.00 DKK
  Expenses:House:Insurance  -347.00 DKK

2024-03-01 * "El, vand og varme - PRM" "El, vand, varme & renovation" #spiir
  spiir-id: "638451488396546394"
  Assets:Checking:Fixed  1084.00 DKK
  Expenses:House:Heating  -1084.00 DKK

2024-03-01 * "Ejendommensskat - PRM" "Ejendomsskat" #spiir
  spiir-id: "638451488396546395"
  Assets:Checking:Fixed  1224.50 DKK
  Expenses:House:Tax  -1224.50 DKK

2024-03-01 * "Vuggestue - PRM" "Institution" #spiir
  spiir-id: "638451488396806123"
  Assets:Checking:Fixed  2010.50 DKK
  Expenses:Kids:Institution  -2010.50 DKK

2024-03-01 * "iCloud" "Kontooverførsel" #spiir
  spiir-id: "638451488396806124"
  Assets:Checking:Fixed  -69.00 DKK
  Assets:Transfer  69.00 DKK

2024-03-01 * "Fællesudgifter" "Kontooverførsel" #spiir
  spiir-id: "638451490216720273"
  Assets:Checking:Dagligvarer  3500.00 DKK
  Assets:Transfer  -3500.00 DKK

2024-03-01 * "Dagligvarer - PRM" "Dagligvarer" #spiir
  spiir-id: "638451490216720274"
  Assets:Checking:Dagligvarer  3500.00 DKK
  Expenses:Food:Groceries  -3500.00 DKK

2024-03-04 * "allbike.dk" "Hobby & sportsudstyr" #spiir
  spiir-id: "638451486673019589"
  Assets:Checking:Primary  -377.00 DKK
  Expenses:Shopping:Sports  377.00 DKK

2024-03-04 * "Rejsekort - DSB" "Bus, tog, færge o.l." #spiir
  spiir-id: "638451486673019590"
  Assets:Checking:Primary  -300.00 DKK
  Expenses:Transport:Public  300.00 DKK

2024-03-04 * "Netto Gl. Køge Lan" "Dagligvarer" #spiir
  spiir-id: "638451490216720267"
  Assets:Checking:Dagligvarer  -199.95 DKK
  Expenses:Food:Groceries  199.95 DKK

2024-03-04 * "Netto Daells" "Dagligvarer" #spiir
  spiir-id: "638451490216720268"
  Assets:Checking:Dagligvarer  -44.00 DKK
  Expenses:Food:Groceries  44.00 DKK

2024-03-04 * "Democratic Coffee" "Bar, cafe & restaurant" #spiir
  spiir-id: "638451490216720269"
  Assets:Checking:Dagligvarer  -74.00 DKK
  Expenses:Food:Restaurant  74.00 DKK

2024-03-04 * "Democratic Coffee" "Bar, cafe & restaurant" #spiir
  spiir-id: "638451490216720270"
  Assets:Checking:Dagligvarer  -87.00 DKK
  Expenses:Food:Restaurant  87.00 DKK

2024-03-04 * "Wislapolska ApS Kobenhavn O" "Dagligvarer" #spiir
  spiir-id: "638451490216720271"
  Assets:Checking:Dagligvarer  -79.00 DKK
  Expenses:Food:Groceries  79.00 DKK

2024-03-04 * "Bornecancerlobet.Dk Greve" "Sport & fritid" #spiir
  spiir-id: "638451490216720272"
  Assets:Checking:Dagligvarer  -334.40 DKK
  Expenses:Entertainment:Sports  334.40 DKK

2024-03-05 * "Stockmann Riga Rigalatvia" "" #spiir
  spiir-id: "638452268462968047"
  Assets:Checking:Dagligvarer  -75.33 DKK
  Expenses:Uncategorized  75.33 DKK

2024-03-05 * "Just Escape Your City Fuegen" "Film, musik & læsestof" #spiir
  spiir-id: "638452268462968048"
  Assets:Checking:Dagligvarer  -216.28 DKK
  Expenses:Entertainment:Media  216.28 DKK

2024-03-05 * "Pepco 190060 Riga Central Riga" "" #spiir
  spiir-id: "638452268462968049"
  Assets:Checking:Dagligvarer  -65.63 DKK
  Expenses:Uncategorized  65.63 DKK

2024-03-05 * "Maxima Lv R15 Riga" "" #spiir
  spiir-id: "638452268462968050"
  Assets:Checking:Dagligvarer  -137.38 DKK
  Expenses:Uncategorized  137.38 DKK

2024-03-05 * "Sia Amber Distribution Riga" "Tobak & alkohol" #spiir
  spiir-id: "638452268462968051"
  Assets:Checking:Dagligvarer  -17.82 DKK
  Expenses:Food:Alcohol  17.82 DKK

2024-03-05 * "Rimi SM Galerija Centrs ( RIGA" "Dagligvarer" #spiir
  spiir-id: "638452268462968052"
  Assets:Checking:Dagligvarer  -110.38 DKK
  Expenses:Food:Groceries  110.38 DKK

2024-03-05 * "SILVAN 577 Valby" "Ombygning & vedligehold" #spiir
  spiir-id: "638453166598259523"
  Assets:Checking:Dagligvarer  -31.95 DKK
  Expenses:House:Renovation  31.95 DKK

2024-03-05 * "Coop365Hvidovre" "Dagligvarer" #spiir
  spiir-id: "638453166598259524"
  Assets:Checking:Dagligvarer  -156.90 DKK
  Expenses:Food:Groceries  156.90 DKK

2024-03-06 * "Hvidovre kommune" "Institution" #spiir
  spiir-id: "638453165435837719"
  Assets:Checking:Fixed  -5962.50 DKK
  Expenses:Kids:Institution  5962.50 DKK

2024-03-06 * "Rimi Express Skunu-Pasapk Riga" "Dagligvarer" #spiir
  spiir-id: "638453166598259522"
  Assets:Checking:Dagligvarer  -32.74 DKK
  Expenses:Food:Groceries  32.74 DKK

2024-03-06 * "Hvidovre Kommune" "Institution" #spiir
  spiir-id: "638453999354750931"
  Assets:Checking:Primary  -50.00 DKK
  Expenses:Kids:Institution  50.00 DKK

2024-03-06 * "Afghan Marked Aps" "Dagligvarer" #spiir
  spiir-id: "638454001998835000"
  Assets:Checking:Dagligvarer  -12.00 DKK
  Expenses:Food:Groceries  12.00 DKK

2024-03-07 * "Bauhaus Valby" "Ombygning & vedligehold" #spiir
  spiir-id: "638454001998834998"
  Assets:Checking:Dagligvarer  -146.90 DKK
  Expenses:House:Renovation  146.90 DKK

2024-03-07 * "Netto Tranehavevej" "Dagligvarer" #spiir
  spiir-id: "638454001998834999"
  Assets:Checking:Dagligvarer  -68.00 DKK
  Expenses:Food:Groceries  68.00 DKK

2024-03-07 * "MobilePay DOT APP" "Bus, tog, færge o.l." #spiir
  spiir-id: "638454890603729629"
  Assets:Checking:Primary  -24.00 DKK
  Expenses:Transport:Public  24.00 DKK

2024-03-07 * "hiper.dk" "Telefoni & internet" #spiir
  spiir-id: "638454890603729630"
  Assets:Checking:Primary  289.00 DKK
  Expenses:Subscriptions:Telecom  -289.00 DKK

2024-03-08 * "Garmin Southampton" "Hobby & sportsudstyr" #spiir
  spiir-id: "638454890603729628"
  Assets:Checking:Primary  -309.00 DKK
  Expenses:Shopping:Sports  309.00 DKK

2024-03-08 * "Lidl" "Dagligvarer" #spiir
  spiir-id: "638455692608338189"
  Assets:Checking:Dagligvarer  -215.95 DKK
  Expenses:Food:Groceries  215.95 DKK

2024-03-10 * "MobilePay Merle Singer-Lippert" "" #spiir
  spiir-id: "638457470760002155"
  Assets:Checking:Dagligvarer  -1023.00 DKK
  Expenses:Uncategorized  1023.00 DKK

2024-03-11 * "Coop365 Nørreport" "Dagligvarer" #spiir
  spiir-id: "638457470760002148"
  Assets:Checking:Dagligvarer  -77.25 DKK
  Expenses:Food:Groceries  77.25 DKK

2024-03-11 * "Coop365 Nørreport" "Dagligvarer" #spiir
  spiir-id: "638457470760002149"
  Assets:Checking:Dagligvarer  -5.00 DKK
  Expenses:Food:Groceries  5.00 DKK

2024-03-11 * "Netto Hvidovrevej" "Dagligvarer" #spiir
  spiir-id: "638457470760002150"
  Assets:Checking:Dagligvarer  -35.90 DKK
  Expenses:Food:Groceries  35.90 DKK

2024-03-11 * "Coop365Hørve" "Dagligvarer" #spiir
  spiir-id: "638457470760002151"
  Assets:Checking:Dagligvarer  -185.95 DKK
  Expenses:Food:Groceries  185.95 DKK

2024-03-11 * "Kvickly Hvidovre" "Dagligvarer" #spiir
  spiir-id: "638457470760002152"
  Assets:Checking:Dagligvarer  -53.00 DKK
  Expenses:Food:Groceries  53.00 DKK

2024-03-11 * "UME ASIAN SUPERMARKET Kobenhavn" "Dagligvarer" #spiir
  spiir-id: "638457470760002153"
  Assets:Checking:Dagligvarer  -239.85 DKK
  Expenses:Food:Groceries  239.85 DKK

2024-03-11 * "Kft Jylland-Kbh Koebenhavn V" "Dagligvarer" #spiir
  spiir-id: "638457470760002154"
  Assets:Checking:Dagligvarer  -62.97 DKK
  Expenses:Food:Groceries  62.97 DKK

2024-03-11 * "Burger King" "Fastfood & takeaway" #spiir
  spiir-id: "638458358306286723"
  Assets:Checking:Dagligvarer  -36.55 DKK
  Expenses:Food:Takeaway  36.55 DKK

2024-03-12 * "Proshop.Dk Hojbjerg" "Elektronik & computerudstyr" #spiir
  spiir-id: "638458358306286721"
  Assets:Checking:Dagligvarer  -399.00 DKK
  Expenses:Shopping:Electronics  399.00 DKK

2024-03-12 * "R-Bakery Hvidovre" "Kiosk, bager & specialbutikker" #spiir
  spiir-id: "638458358306286722"
  Assets:Checking:Dagligvarer  -60.00 DKK
  Expenses:Food:Kiosk  60.00 DKK

2024-03-12 * "MobilePay Mille Frederikke Munch Lu" "" #spiir
  spiir-id: "638459234759087301"
  Assets:Checking:Dagligvarer  -350.00 DKK
  Expenses:Uncategorized  350.00 DKK

2024-03-13 * "Udl. kortbetaling, 1.50% af DKK -10" "Bankgebyrer" #spiir
  spiir-id: "638459232270314923"
  Assets:Checking:Primary  -1.53 DKK
  Expenses:Bank:Fees  1.53 DKK

2024-03-13 * "Audible*RN6KK2YI2 Amzn.com/bill" "" #spiir
  spiir-id: "638459232270314924"
  Assets:Checking:Primary  -102.14 DKK
  Expenses:Uncategorized  102.14 DKK

2024-03-13 * "REMA 1000 Valby M" "Dagligvarer" #spiir
  spiir-id: "638459234759087299"
  Assets:Checking:Dagligvarer  -15.00 DKK
  Expenses:Food:Groceries  15.00 DKK

2024-03-13 * "Billetten A/S" "Biograf, koncerter & forlystelser" #spiir
  spiir-id: "638459234759087300"
  Assets:Checking:Dagligvarer  -605.00 DKK
  Expenses:Entertainment:Events  605.00 DKK

2024-03-13 * "Azra ApS" "Kiosk, bager & specialbutikker" #spiir
  spiir-id: "638460064549503080"
  Assets:Checking:Dagligvarer  -45.30 DKK
  Expenses:Food:Kiosk  45.30 DKK

2024-03-14 * "Vaccination Frederiksberg Frederi" "Behandling & læger" #spiir
  spiir-id: "638460064549503077"
  Assets:Checking:Dagligvarer  -590.00 DKK
  Expenses:Health:Doctor  590.00 DKK

2024-03-14 * "Google Nest g.co/helppayÆ" "Alarmsystem" #spiir
  spiir-id: "638460064549503078"
  Assets:Checking:Dagligvarer  -40.00 DKK
  Expenses:House:Alarm  40.00 DKK

2024-03-14 * "Tipster.Dk Kastrup" "" #spiir
  spiir-id: "638460064549503079"
  Assets:Checking:Dagligvarer  -300.00 DKK
  Expenses:Uncategorized  300.00 DKK

2024-03-15 * "tipster.dk 2-2-2" "" #spiir
  spiir-id: "638461816698300410"
  Assets:Checking:Dagligvarer  -194.00 DKK
  Expenses:Uncategorized  194.00 DKK

2024-03-17 * "MobilePay Børns Vilkårs Landsindsam" "" #spiir
  spiir-id: "638463518875107756"
  Assets:Checking:Dagligvarer  -50.00 DKK
  Expenses:Uncategorized  50.00 DKK

2024-03-18 * "Bodenhoffs Bageri" "Kiosk, bager & specialbutikker" #spiir
  spiir-id: "638463518875107750"
  Assets:Checking:Dagligvarer  -34.98 DKK
  Expenses:Food:Kiosk  34.98 DKK

2024-03-18 * "Meny Valby, Toften" "Dagligvarer" #spiir
  spiir-id: "638463518875107751"
  Assets:Checking:Dagligvarer  -134.35 DKK
  Expenses:Food:Groceries  134.35 DKK

2024-03-18 * "Bauhaus Valby" "Ombygning & vedligehold" #spiir
  spiir-id: "638463518875107752"
  Assets:Checking:Dagligvarer  -164.95 DKK
  Expenses:House:Renovation  164.95 DKK

2024-03-18 * "Netto Hvidovrevej" "Dagligvarer" #spiir
  spiir-id: "638463518875107753"
  Assets:Checking:Dagligvarer  -124.40 DKK
  Expenses:Food:Groceries  124.40 DKK

2024-03-18 * "Meny Valby, Toften" "Dagligvarer" #spiir
  spiir-id: "638463518875107754"
  Assets:Checking:Dagligvarer  -41.95 DKK
  Expenses:Food:Groceries  41.95 DKK

2024-03-18 * "Jia Yuan ApS" "Dagligvarer" #spiir
  spiir-id: "638463518875107755"
  Assets:Checking:Dagligvarer  -6.00 DKK
  Expenses:Food:Groceries  6.00 DKK

2024-03-18 * "tipster.dk 1-2-3" "Brændstof" #spiir
  spiir-id: "638464304553658913"
  Assets:Checking:Dagligvarer  -100.00 DKK
  Expenses:Car:Gas  100.00 DKK

2024-03-18 * "REMA 1000 Valby" "Dagligvarer" #spiir
  spiir-id: "638464304553658914"
  Assets:Checking:Dagligvarer  -142.45 DKK
  Expenses:Food:Groceries  142.45 DKK

2024-03-18 * "Bauhaus Valby" "Ombygning & vedligehold" #spiir
  spiir-id: "638464304553658915"
  Assets:Checking:Dagligvarer  -414.10 DKK
  Expenses:House:Renovation  414.10 DKK

2024-03-18 * "REMA 1000 Valby M" "Dagligvarer" #spiir
  spiir-id: "638464304553658916"
  Assets:Checking:Dagligvarer  -71.35 DKK
  Expenses:Food:Groceries  71.35 DKK

2024-03-18 * "Bauhaus Valby" "Ombygning & vedligehold" #spiir
  spiir-id: "638464304553658917"
  Assets:Checking:Dagligvarer  139.95 DKK
  Expenses:House:Renovation  -139.95 DKK

2024-03-18 * "REMA 1000 Valby M" "Dagligvarer" #spiir
  spiir-id: "638464304553658918"
  Assets:Checking:Dagligvarer  58.50 DKK
  Expenses:Food:Groceries  -58.50 DKK

2024-03-19 * "AMZN Mktp DE" "Andet privatforbrug" #spiir
  spiir-id: "638464301753320950"
  Assets:Checking:Primary  -600.54 DKK
  Expenses:Shopping:Other  600.54 DKK

2024-03-19 * "Spotify" "Film, musik & læsestof" #spiir
  spiir-id: "638464304553546311"
  Assets:Checking:Dagligvarer  -149.00 DKK
  Expenses:Entertainment:Media  149.00 DKK

2024-03-20 * "KB Hallen" "Biograf, koncerter & forlystelser" #spiir
  spiir-id: "638465255302806920"
  Assets:Checking:Primary  -70.00 DKK
  Expenses:Entertainment:Events  70.00 DKK

2024-03-20 * "KB Hallen" "Biograf, koncerter & forlystelser" #spiir
  spiir-id: "638465255302806921"
  Assets:Checking:Primary  -130.00 DKK
  Expenses:Entertainment:Events  130.00 DKK

2024-03-20 * "Itunes.Com" "Online services & software" #spiir
  spiir-id: "638465257964708394"
  Assets:Checking:Dagligvarer  -89.00 DKK
  Expenses:Subscriptions:Software  89.00 DKK

2024-03-20 * "UME ASIAN SUPERMARKET Kobenhavn" "Dagligvarer" #spiir
  spiir-id: "638465257964708395"
  Assets:Checking:Dagligvarer  -98.75 DKK
  Expenses:Food:Groceries  98.75 DKK

2024-03-20 * "Netto Hvidovrevej" "Dagligvarer" #spiir
  spiir-id: "638465257964708396"
  Assets:Checking:Dagligvarer  -75.00 DKK
  Expenses:Food:Groceries  75.00 DKK

2024-03-20 * "Netto Hvidovrevej" "Dagligvarer" #spiir
  spiir-id: "638465257964708397"
  Assets:Checking:Dagligvarer  -113.95 DKK
  Expenses:Food:Groceries  113.95 DKK

2024-03-20 * "KB Hallen" "Biograf, koncerter & forlystelser" #spiir
  spiir-id: "638466141283924118"
  Assets:Checking:Primary  -90.00 DKK
  Expenses:Entertainment:Events  90.00 DKK

2024-03-21 * "Til Dagligvarer" "Kontooverførsel" #spiir
  spiir-id: "638466141283924115"
  Assets:Checking:Primary  -1500.00 DKK
  Assets:Transfer  1500.00 DKK

2024-03-21 * "Uzr*Bergfreunde.Dk Kirchentellin" "Tøj, sko & accessories" #spiir
  spiir-id: "638466141283924116"
  Assets:Checking:Primary  745.57 DKK
  Expenses:Shopping:Clothing  -745.57 DKK

2024-03-21 * "Bikevænget ApS" "Anden transport" #spiir
  spiir-id: "638466141283924117"
  Assets:Checking:Primary  -418.00 DKK
  Expenses:Transport:Other  418.00 DKK

2024-03-21 * "Til Dagligvarer" "Kontooverførsel" #spiir
  spiir-id: "638466145346745994"
  Assets:Checking:Dagligvarer  1500.00 DKK
  Assets:Transfer  -1500.00 DKK

2024-03-21 * "Fra Lee Ann Hollesen" "Dagligvarer" #spiir
  spiir-id: "638466145346745995"
  Assets:Checking:Dagligvarer  1500.00 DKK
  Expenses:Food:Groceries  -1500.00 DKK

2024-03-21 * "Føtex Friheden" "Dagligvarer" #spiir
  spiir-id: "638466145346745996"
  Assets:Checking:Dagligvarer  -79.40 DKK
  Expenses:Food:Groceries  79.40 DKK

2024-03-21 * "tipster.dk 7-2-9" "" #spiir
  spiir-id: "638467003297743471"
  Assets:Checking:Primary  -300.00 DKK
  Expenses:Uncategorized  300.00 DKK

2024-03-21 * "Coop365Hørve" "Dagligvarer" #spiir
  spiir-id: "638467005894933863"
  Assets:Checking:Dagligvarer  -134.10 DKK
  Expenses:Food:Groceries  134.10 DKK

2024-03-21 * "Lidl" "Dagligvarer" #spiir
  spiir-id: "638467005894933864"
  Assets:Checking:Dagligvarer  -35.00 DKK
  Expenses:Food:Groceries  35.00 DKK

2024-03-25 * "Dunkin Donuts HGB" "Kiosk, bager & specialbutikker" #spiir
  spiir-id: "638469633634170671"
  Assets:Checking:Dagligvarer  -129.99 DKK
  Expenses:Food:Kiosk  129.99 DKK

2024-03-25 * "Bastard Café" "Bar, cafe & restaurant" #spiir
  spiir-id: "638469633634170672"
  Assets:Checking:Dagligvarer  -135.00 DKK
  Expenses:Food:Restaurant  135.00 DKK

2024-03-25 * "DSB Toilet" "Bus, tog, færge o.l." #spiir
  spiir-id: "638469633634170673"
  Assets:Checking:Dagligvarer  -5.00 DKK
  Expenses:Transport:Public  5.00 DKK

2024-03-25 * "DSB Toilet" "Bus, tog, færge o.l." #spiir
  spiir-id: "638469633634170674"
  Assets:Checking:Dagligvarer  -5.00 DKK
  Expenses:Transport:Public  5.00 DKK

2024-03-25 * "føtex food Kr. Ber" "Dagligvarer" #spiir
  spiir-id: "638469633634170675"
  Assets:Checking:Dagligvarer  -18.45 DKK
  Expenses:Food:Groceries  18.45 DKK

2024-03-25 * "Judie Nyhavn" "Bar, cafe & restaurant" #spiir
  spiir-id: "638469633634170676"
  Assets:Checking:Dagligvarer  -175.00 DKK
  Expenses:Food:Restaurant  175.00 DKK

2024-03-26 * "Bodenhoffs Bageri" "Kiosk, bager & specialbutikker" #spiir
  spiir-id: "638470420735296256"
  Assets:Checking:Dagligvarer  -20.00 DKK
  Expenses:Food:Kiosk  20.00 DKK

2024-03-26 * "Meny Valby, Toften" "Dagligvarer" #spiir
  spiir-id: "638470420735296257"
  Assets:Checking:Dagligvarer  -78.90 DKK
  Expenses:Food:Groceries  78.90 DKK

2024-03-26 * "Føtex Food Torvepo" "Dagligvarer" #spiir
  spiir-id: "638470420735296258"
  Assets:Checking:Dagligvarer  -248.40 DKK
  Expenses:Food:Groceries  248.40 DKK

2024-03-27 * "Huslån - PRM" "Kontooverførsel" #spiir
  spiir-id: "638471250950634088"
  Assets:Checking:Primary  -8947.08 DKK
  Assets:Transfer  8947.08 DKK

2024-03-27 * "Nedbetaling huslån - PRM" "Kontooverførsel" #spiir
  spiir-id: "638471250950634089"
  Assets:Checking:Primary  -8947.08 DKK
  Assets:Transfer  8947.08 DKK

2024-03-27 * "Huslån - LAH" "Kontooverførsel" #spiir
  spiir-id: "638471253454086332"
  Assets:Checking:Fixed  8947.08 DKK
  Assets:Transfer  -8947.08 DKK

2024-03-27 * "Huslån - PRM" "Kontooverførsel" #spiir
  spiir-id: "638471253454086333"
  Assets:Checking:Fixed  8947.08 DKK
  Assets:Transfer  -8947.08 DKK

2024-03-27 * "Realkredit Danmark" "Boliglån/husleje" #spiir
  spiir-id: "638471253454086334"
  Assets:Checking:Fixed  -17875.49 DKK
  Expenses:House:Mortgage  17875.49 DKK

2024-03-27 * "Netto Hvidovrevej" "Dagligvarer" #spiir
  spiir-id: "638471255289566020"
  Assets:Checking:Dagligvarer  -121.90 DKK
  Expenses:Food:Groceries  121.90 DKK

2024-03-27 * "Udbetaling Hiper" "" #spiir
  spiir-id: "638472123458710335"
  Assets:Checking:Primary  1175.26 DKK
  Expenses:Uncategorized  -1175.26 DKK

2024-03-27 * "SuperB Brostyk.vej" "Dagligvarer" #spiir
  spiir-id: "638472126657516764"
  Assets:Checking:Dagligvarer  -197.20 DKK
  Expenses:Food:Groceries  197.20 DKK

2024-03-27 * "SuperB Brostyk.vej" "Dagligvarer" #spiir
  spiir-id: "638472126657516765"
  Assets:Checking:Dagligvarer  10.00 DKK
  Expenses:Food:Groceries  -10.00 DKK

2024-03-28 * "MobilePay Emil Skjødt" "" #spiir
  spiir-id: "638473011284528989"
  Assets:Checking:Primary  -2000.00 DKK
  Expenses:Uncategorized  2000.00 DKK

2024-03-28 * "MobilePay Mateusz Maka" "" #spiir
  spiir-id: "638473011284528990"
  Assets:Checking:Primary  -200.00 DKK
  Expenses:Uncategorized  200.00 DKK

2024-03-31 * "MobilePay dba.dk" "Serviceydelser & rådgivning" #spiir
  spiir-id: "638475558640975168"
  Assets:Checking:Primary  -29.00 DKK
  Expenses:Services  29.00 DKK

2024-04-01 * "Lønoverførsel" "Løn" #spiir
  spiir-id: "638471250950634090"
  Assets:Checking:Primary  36301.00 DKK
  Income:Salary  -36301.00 DKK

2024-04-02 * "Tandforsikring - PRM" "Kontooverførsel" #spiir
  spiir-id: "638476426627634553"
  Assets:Checking:Primary  -60.00 DKK
  Assets:Transfer  60.00 DKK

2024-04-02 * "Spotify" "Kontooverførsel" #spiir
  spiir-id: "638476426627634554"
  Assets:Checking:Primary  -97.00 DKK
  Assets:Transfer  97.00 DKK

2024-04-02 * "Bilforsikr, afgift - PRM" "Kontooverførsel" #spiir
  spiir-id: "638476426627634555"
  Assets:Checking:Primary  -250.00 DKK
  Assets:Transfer  250.00 DKK

2024-04-02 * "Hus, indboforsikr - PRM" "Kontooverførsel" #spiir
  spiir-id: "638476426627634556"
  Assets:Checking:Primary  -347.00 DKK
  Assets:Transfer  347.00 DKK

2024-04-02 * "El, vand og varme - PRM" "Kontooverførsel" #spiir
  spiir-id: "638476426627947768"
  Assets:Checking:Primary  -1084.00 DKK
  Assets:Transfer  1084.00 DKK

2024-04-02 * "Ejendommensskat - PRM" "Kontooverførsel" #spiir
  spiir-id: "638476426627947769"
  Assets:Checking:Primary  -1224.50 DKK
  Assets:Transfer  1224.50 DKK

2024-04-02 * "Vuggestue - PRM" "Kontooverførsel" #spiir
  spiir-id: "638476426627947770"
  Assets:Checking:Primary  -2010.50 DKK
  Assets:Transfer  2010.50 DKK

2024-04-02 * "Dagligvarer - PRM" "Kontooverførsel" #spiir
  spiir-id: "638476426627947771"
  Assets:Checking:Primary  -3500.00 DKK
  Assets:Transfer  3500.00 DKK

2024-04-02 * "Nordnet Aktiedepot" "Værdipapirshandel" #spiir
  spiir-id: "638476426627947772"
  Assets:Checking:Primary  -5000.00 DKK
  Assets:Savings:Investments  5000.00 DKK

2024-04-02 * "iCloud Fastefæll.udgifte" "Kontooverførsel" #spiir
  spiir-id: "638476426627947773"
  Assets:Checking:Primary  69.00 DKK
  Assets:Transfer  -69.00 DKK

2024-04-02 * "Netto Gl. Køge Lan" "Dagligvarer" #spiir
  spiir-id: "638476426627947774"
  Assets:Checking:Primary  -53.85 DKK
  Expenses:Food:Groceries  53.85 DKK

2024-04-02 * "Netto Gl. Køge Lan" "Dagligvarer" #spiir
  spiir-id: "638476426627947775"
  Assets:Checking:Primary  -300.35 DKK
  Expenses:Food:Groceries  300.35 DKK

2024-04-02 * "hiper.dk" "Telefoni & internet" #spiir
  spiir-id: "638476426627947776"
  Assets:Checking:Primary  -319.00 DKK
  Expenses:Subscriptions:Telecom  319.00 DKK

2024-04-02 * "Q8 Service" "Brændstof" #spiir
  spiir-id: "638476426627947777"
  Assets:Checking:Primary  -35.00 DKK
  Expenses:Car:Gas  35.00 DKK

2024-04-02 * "KB Hallen" "Biograf, koncerter & forlystelser" #spiir
  spiir-id: "638476426627947778"
  Assets:Checking:Primary  -130.00 DKK
  Expenses:Entertainment:Events  130.00 DKK

2024-04-02 * "Coop365Hørve" "Dagligvarer" #spiir
  spiir-id: "638476426627947779"
  Assets:Checking:Primary  -88.40 DKK
  Expenses:Food:Groceries  88.40 DKK

2024-04-02 * "3 Danmark Koebenhavn SV" "Telefoni & internet" #spiir
  spiir-id: "638476426627947780"
  Assets:Checking:Primary  -160.00 DKK
  Expenses:Subscriptions:Telecom  160.00 DKK

2024-04-02 * "Netto Vesterbrogad" "Dagligvarer" #spiir
  spiir-id: "638476426627947781"
  Assets:Checking:Primary  -92.50 DKK
  Expenses:Food:Groceries  92.50 DKK

2024-04-02 * "Tandforsikring - LAH" "Kontooverførsel" #spiir
  spiir-id: "638476428943614400"
  Assets:Checking:Fixed  60.00 DKK
  Assets:Transfer  -60.00 DKK

2024-04-02 * "Spotify" "Kontooverførsel" #spiir
  spiir-id: "638476428943614401"
  Assets:Checking:Fixed  97.00 DKK
  Assets:Transfer  -97.00 DKK

2024-04-02 * "Bilforsikr, afgift - LAH" "Kontooverførsel" #spiir
  spiir-id: "638476428943614402"
  Assets:Checking:Fixed  250.00 DKK
  Assets:Transfer  -250.00 DKK

2024-04-02 * "Hus, indboforsikr - LAH" "Kontooverførsel" #spiir
  spiir-id: "638476428943614403"
  Assets:Checking:Fixed  347.00 DKK
  Assets:Transfer  -347.00 DKK

2024-04-02 * "El, vand og varme - LAH" "Kontooverførsel" #spiir
  spiir-id: "638476428943614404"
  Assets:Checking:Fixed  1084.00 DKK
  Assets:Transfer  -1084.00 DKK

2024-04-02 * "Ejendomsskat - LAH" "Kontooverførsel" #spiir
  spiir-id: "638476428943614405"
  Assets:Checking:Fixed  1224.50 DKK
  Assets:Transfer  -1224.50 DKK

2024-04-02 * "Vuggestue - LAH" "Kontooverførsel" #spiir
  spiir-id: "638476428943614406"
  Assets:Checking:Fixed  2010.50 DKK
  Assets:Transfer  -2010.50 DKK

2024-04-02 * "Tandforsikring - PRM" "Sundheds- & sygeforsikring" #spiir
  spiir-id: "638476428943614407"
  Assets:Checking:Fixed  60.00 DKK
  Expenses:Insurance:Health  -60.00 DKK

2024-04-02 * "Spotify" "Film, musik & læsestof" #spiir
  spiir-id: "638476428943614408"
  Assets:Checking:Fixed  97.00 DKK
  Expenses:Entertainment:Media  -97.00 DKK

2024-04-02 * "Bilforsikr, afgift - PRM" "Bilforsikring & autohjælp" #spiir
  spiir-id: "638476428943614409"
  Assets:Checking:Fixed  250.00 DKK
  Expenses:Car:Insurance  -250.00 DKK

2024-04-02 * "Hus, indboforsikr - PRM" "Husforsikring" #spiir
  spiir-id: "638476428943614410"
  Assets:Checking:Fixed  347.00 DKK
  Expenses:House:Insurance  -347.00 DKK

2024-04-02 * "El, vand og varme - PRM" "El, vand, varme & renovation" #spiir
  spiir-id: "638476428943614411"
  Assets:Checking:Fixed  1084.00 DKK
  Expenses:House:Heating  -1084.00 DKK

2024-04-02 * "Ejendommensskat - PRM" "Ejendomsskat" #spiir
  spiir-id: "638476428943614412"
  Assets:Checking:Fixed  1224.50 DKK
  Expenses:House:Tax  -1224.50 DKK

2024-04-02 * "Vuggestue - PRM" "Institution" #spiir
  spiir-id: "638476428943614413"
  Assets:Checking:Fixed  2010.50 DKK
  Expenses:Kids:Institution  -2010.50 DKK

2024-04-02 * "iCloud" "Kontooverførsel" #spiir
  spiir-id: "638476428943753916"
  Assets:Checking:Fixed  -69.00 DKK
  Assets:Transfer  69.00 DKK

2024-04-02 * "Tryg" "Indbo- & familieforsikring" #spiir
  spiir-id: "638476428943753917"
  Assets:Checking:Fixed  -389.64 DKK
  Expenses:House:Contents-Insurance  389.64 DKK

2024-04-02 * "Ok A.M.B.A" "Brændstof" #spiir
  spiir-id: "638476428943753918"
  Assets:Checking:Fixed  -1770.00 DKK
  Expenses:Car:Gas  1770.00 DKK

2024-04-02 * "Fællesudgifter" "Kontooverførsel" #spiir
  spiir-id: "638476430657854310"
  Assets:Checking:Dagligvarer  3500.00 DKK
  Assets:Transfer  -3500.00 DKK

2024-04-02 * "Dagligvarer - PRM" "Dagligvarer" #spiir
  spiir-id: "638476430657854311"
  Assets:Checking:Dagligvarer  3500.00 DKK
  Expenses:Food:Groceries  -3500.00 DKK

2024-04-02 * "Bauhaus Valby" "Ombygning & vedligehold" #spiir
  spiir-id: "638476430657854312"
  Assets:Checking:Dagligvarer  -107.90 DKK
  Expenses:House:Renovation  107.90 DKK

2024-04-02 * "SILVAN 577 Valby" "Ombygning & vedligehold" #spiir
  spiir-id: "638476430657854313"
  Assets:Checking:Dagligvarer  -159.95 DKK
  Expenses:House:Renovation  159.95 DKK

2024-04-02 * "downtown.dk" "Bar, cafe & restaurant" #spiir
  spiir-id: "638476430657854314"
  Assets:Checking:Dagligvarer  -263.75 DKK
  Expenses:Food:Restaurant  263.75 DKK

2024-04-02 * "Bauhaus Valby" "Ombygning & vedligehold" #spiir
  spiir-id: "638476430657854315"
  Assets:Checking:Dagligvarer  -414.90 DKK
  Expenses:House:Renovation  414.90 DKK

2024-04-02 * "SILVAN 577 Valby" "Ombygning & vedligehold" #spiir
  spiir-id: "638476430657854316"
  Assets:Checking:Dagligvarer  -348.85 DKK
  Expenses:House:Renovation  348.85 DKK

2024-04-02 * "Circle K Vigerslev" "Brændstof" #spiir
  spiir-id: "638476430657854317"
  Assets:Checking:Dagligvarer  -457.01 DKK
  Expenses:Car:Gas  457.01 DKK

2024-04-02 * "Netto Gl. Køge Lan" "Dagligvarer" #spiir
  spiir-id: "638476430657854318"
  Assets:Checking:Dagligvarer  -263.30 DKK
  Expenses:Food:Groceries  263.30 DKK

2024-04-02 * "Meny Valby, Toften" "Dagligvarer" #spiir
  spiir-id: "638476430657854319"
  Assets:Checking:Dagligvarer  -168.95 DKK
  Expenses:Food:Groceries  168.95 DKK

2024-04-02 * "MobilePay Mille Frederikke Munch Lu" "" #spiir
  spiir-id: "638477296752062102"
  Assets:Checking:Dagligvarer  -350.00 DKK
  Expenses:Uncategorized  350.00 DKK

2024-04-03 * "Qure Fysioterapi Koebenhavn V" "Behandling & læger" #spiir
  spiir-id: "638477292079384839"
  Assets:Checking:Primary  -370.00 DKK
  Expenses:Health:Doctor  370.00 DKK

2024-04-03 * "Mig Venner Frederiksberg" "Bar, cafe & restaurant" #spiir
  spiir-id: "638477292079384840"
  Assets:Checking:Primary  -36.00 DKK
  Expenses:Food:Restaurant  36.00 DKK

2024-04-03 * "Mig Venner Frederiksberg" "Bar, cafe & restaurant" #spiir
  spiir-id: "638477292079384841"
  Assets:Checking:Primary  -25.00 DKK
  Expenses:Food:Restaurant  25.00 DKK

2024-04-03 * "Restaurant Gemini" "Bar, cafe & restaurant" #spiir
  spiir-id: "638477296752062099"
  Assets:Checking:Dagligvarer  -225.00 DKK
  Expenses:Food:Restaurant  225.00 DKK

2024-04-03 * "MENY Rødovre" "Dagligvarer" #spiir
  spiir-id: "638477296752062100"
  Assets:Checking:Dagligvarer  -176.90 DKK
  Expenses:Food:Groceries  176.90 DKK

2024-04-03 * "Føtex Rødovre" "Dagligvarer" #spiir
  spiir-id: "638477296752062101"
  Assets:Checking:Dagligvarer  -211.30 DKK
  Expenses:Food:Groceries  211.30 DKK

2024-04-04 * "MobilePay Jesper Bennike" "" #spiir
  spiir-id: "638478999289052459"
  Assets:Checking:Primary  -1500.00 DKK
  Expenses:Uncategorized  1500.00 DKK

2024-04-04 * "MobilePay MAGNA VIRTUTE (FITNESS FA" "" #spiir
  spiir-id: "638478999289052460"
  Assets:Checking:Primary  -450.00 DKK
  Expenses:Uncategorized  450.00 DKK

2024-04-05 * "www.t-fitness.dk Bronshoj" "Hobby & sportsudstyr" #spiir
  spiir-id: "638478999289052457"
  Assets:Checking:Primary  -340.00 DKK
  Expenses:Shopping:Sports  340.00 DKK

2024-04-05 * "www.t-fitness.dk Bronshoj" "Hobby & sportsudstyr" #spiir
  spiir-id: "638478999289052458"
  Assets:Checking:Primary  340.00 DKK
  Expenses:Shopping:Sports  -340.00 DKK

2024-04-05 * "Ikea" "Møbler & boligudstyr" #spiir
  spiir-id: "638479914274428871"
  Assets:Checking:Dagligvarer  -40.00 DKK
  Expenses:Shopping:Furniture  40.00 DKK

2024-04-05 * "Ikea" "Møbler & boligudstyr" #spiir
  spiir-id: "638479914274428872"
  Assets:Checking:Dagligvarer  -228.00 DKK
  Expenses:Shopping:Furniture  228.00 DKK

2024-04-05 * "Ikea" "Møbler & boligudstyr" #spiir
  spiir-id: "638479914274428873"
  Assets:Checking:Dagligvarer  -9.00 DKK
  Expenses:Shopping:Furniture  9.00 DKK

2024-04-06 * "MobilePay Mødrehjælpen Hvidovre Rød" "Gaver & velgørenhed" #spiir
  spiir-id: "638480789242482047"
  Assets:Checking:Dagligvarer  -15.00 DKK
  Expenses:Gifts  15.00 DKK

2024-04-08 * "Hvidovre kommune" "Institution" #spiir
  spiir-id: "638481735176121068"
  Assets:Checking:Fixed  -5962.50 DKK
  Expenses:Kids:Institution  5962.50 DKK

2024-04-08 * "Bauhaus Valby" "Ombygning & vedligehold" #spiir
  spiir-id: "638481737060513421"
  Assets:Checking:Dagligvarer  -534.85 DKK
  Expenses:House:Renovation  534.85 DKK

2024-04-08 * "Bauhaus Valby" "Ombygning & vedligehold" #spiir
  spiir-id: "638481737060513422"
  Assets:Checking:Dagligvarer  -463.50 DKK
  Expenses:House:Renovation  463.50 DKK

2024-04-08 * "Føtex Hvidovrevej" "Dagligvarer" #spiir
  spiir-id: "638481737060513423"
  Assets:Checking:Dagligvarer  -824.40 DKK
  Expenses:Food:Groceries  824.40 DKK

2024-04-08 * "7-Eleven B086" "Kiosk, bager & specialbutikker" #spiir
  spiir-id: "638481737060513424"
  Assets:Checking:Dagligvarer  -22.00 DKK
  Expenses:Food:Kiosk  22.00 DKK

2024-04-08 * "Eventyrsport A/S" "Tøj, sko & accessories" #spiir
  spiir-id: "638482549956181976"
  Assets:Checking:Primary  -1798.00 DKK
  Expenses:Shopping:Clothing  1798.00 DKK

2024-04-08 * "charge" "Bankgebyrer" #spiir
  spiir-id: "638482553181697459"
  Assets:Checking:Dagligvarer  -134.50 DKK
  Expenses:Bank:Fees  134.50 DKK

2024-04-09 * "Opodo BARCELONA" "Fly & Hotel" #spiir
  spiir-id: "638482549956181975"
  Assets:Checking:Primary  -2552.47 DKK
  Expenses:Travel:Transport  2552.47 DKK

2024-04-09 * "Netto Gl. Køge Lan" "Dagligvarer" #spiir
  spiir-id: "638482553181697457"
  Assets:Checking:Dagligvarer  -40.50 DKK
  Expenses:Food:Groceries  40.50 DKK

2024-04-09 * "jem & fix" "Ombygning & vedligehold" #spiir
  spiir-id: "638482553181697458"
  Assets:Checking:Dagligvarer  -317.00 DKK
  Expenses:House:Renovation  317.00 DKK

2024-04-10 * "Sp Flying Tiger Copenhagen" "Møbler & boligudstyr" #spiir
  spiir-id: "638483320638966196"
  Assets:Checking:Dagligvarer  -255.00 DKK
  Expenses:Shopping:Furniture  255.00 DKK

2024-04-10 * "Børneloppen Valby" "Babyudstyr" #spiir
  spiir-id: "638483320638966197"
  Assets:Checking:Dagligvarer  -95.00 DKK
  Expenses:Kids:Baby  95.00 DKK

2024-04-10 * "Netto Gl. Køge Lan" "Dagligvarer" #spiir
  spiir-id: "638483320638966198"
  Assets:Checking:Dagligvarer  -90.65 DKK
  Expenses:Food:Groceries  90.65 DKK

2024-04-10 * "MobilePay Heidi Klinck-Hansen" "" #spiir
  spiir-id: "638484251958297743"
  Assets:Checking:Primary  -1900.00 DKK
  Expenses:Uncategorized  1900.00 DKK

2024-04-12 * "Airbnb Hmppjnq85m 458-988-2000" "Fly & Hotel" #spiir
  spiir-id: "638485128788444417"
  Assets:Checking:Primary  -1690.36 DKK
  Expenses:Travel:Transport  1690.36 DKK

2024-04-12 * "Lidl" "Dagligvarer" #spiir
  spiir-id: "638485131986638780"
  Assets:Checking:Dagligvarer  -682.90 DKK
  Expenses:Food:Groceries  682.90 DKK

2024-04-14 * "medicin - p" "" #spiir
  spiir-id: "638487663138739770"
  Assets:Checking:Primary  -260.00 DKK
  Expenses:Uncategorized  260.00 DKK

2024-04-14 * "loop earplugs" "Kontooverførsel" #spiir
  spiir-id: "638487663138739771"
  Assets:Checking:Primary  -197.00 DKK
  Assets:Transfer  197.00 DKK

2024-04-14 * "treetop - polen" "" #spiir
  spiir-id: "638487663138739772"
  Assets:Checking:Primary  -1255.00 DKK
  Expenses:Uncategorized  1255.00 DKK

2024-04-14 * "Tinglysning af hus" "" #spiir
  spiir-id: "638487663138739773"
  Assets:Checking:Primary  -7519.00 DKK
  Expenses:Uncategorized  7519.00 DKK

2024-04-14 * "loop earplugs" "Kontooverførsel" #spiir
  spiir-id: "638487667227419687"
  Assets:Checking:Dagligvarer  197.00 DKK
  Assets:Transfer  -197.00 DKK

2024-04-15 * "Netto Tomgårdsvej" "Dagligvarer" #spiir
  spiir-id: "638487663138739767"
  Assets:Checking:Primary  -34.50 DKK
  Expenses:Food:Groceries  34.50 DKK

2024-04-15 * "Udl. kortbetaling, 1.50% af DKK -10" "Bankgebyrer" #spiir
  spiir-id: "638487663138739768"
  Assets:Checking:Primary  -1.56 DKK
  Expenses:Bank:Fees  1.56 DKK

2024-04-15 * "Audible*N35VZ86H3 Amzn.com/bill" "" #spiir
  spiir-id: "638487663138739769"
  Assets:Checking:Primary  -104.23 DKK
  Expenses:Uncategorized  104.23 DKK

2024-04-15 * "Lidl" "Dagligvarer" #spiir
  spiir-id: "638487667227419681"
  Assets:Checking:Dagligvarer  -98.90 DKK
  Expenses:Food:Groceries  98.90 DKK

2024-04-15 * "Lidl" "Dagligvarer" #spiir
  spiir-id: "638487667227419682"
  Assets:Checking:Dagligvarer  -50.00 DKK
  Expenses:Food:Groceries  50.00 DKK

2024-04-15 * "Meny Kastrup" "Dagligvarer" #spiir
  spiir-id: "638487667227419683"
  Assets:Checking:Dagligvarer  -286.70 DKK
  Expenses:Food:Groceries  286.70 DKK

2024-04-15 * "Vestamager Svømmeh" "Sport & fritid" #spiir
  spiir-id: "638487667227419684"
  Assets:Checking:Dagligvarer  -130.00 DKK
  Expenses:Entertainment:Sports  130.00 DKK

2024-04-15 * "taarnby.dk/oplev-t" "Sport & fritid" #spiir
  spiir-id: "638487667227419685"
  Assets:Checking:Dagligvarer  -130.00 DKK
  Expenses:Entertainment:Sports  130.00 DKK

2024-04-15 * "Føtex Food Torvepo" "Dagligvarer" #spiir
  spiir-id: "638487667227419686"
  Assets:Checking:Dagligvarer  -310.95 DKK
  Expenses:Food:Groceries  310.95 DKK

2024-04-15 * "Til Dagligvarer" "Kontooverførsel" #spiir
  spiir-id: "638488611370349740"
  Assets:Checking:Primary  -1500.00 DKK
  Assets:Transfer  1500.00 DKK

2024-04-15 * "jem & fix" "Ombygning & vedligehold" #spiir
  spiir-id: "638488615368166603"
  Assets:Checking:Dagligvarer  -176.50 DKK
  Expenses:House:Renovation  176.50 DKK

2024-04-15 * "jem & fix" "Ombygning & vedligehold" #spiir
  spiir-id: "638488615368166604"
  Assets:Checking:Dagligvarer  219.00 DKK
  Expenses:House:Renovation  -219.00 DKK

2024-04-15 * "Flok" "Bar, cafe & restaurant" #spiir
  spiir-id: "638488615368166605"
  Assets:Checking:Dagligvarer  -34.00 DKK
  Expenses:Food:Restaurant  34.00 DKK

2024-04-15 * "Til Dagligvarer" "Kontooverførsel" #spiir
  spiir-id: "638488615368166606"
  Assets:Checking:Dagligvarer  1500.00 DKK
  Assets:Transfer  -1500.00 DKK

2024-04-15 * "Fra Lee Ann Hollesen" "Dagligvarer" #spiir
  spiir-id: "638488615368166607"
  Assets:Checking:Dagligvarer  1500.00 DKK
  Expenses:Food:Groceries  -1500.00 DKK

2024-04-16 * "Kaffedeparteme Kobenhavn" "Bar, cafe & restaurant" #spiir
  spiir-id: "638488611370349737"
  Assets:Checking:Primary  -45.00 DKK
  Expenses:Food:Restaurant  45.00 DKK

2024-04-16 * "Espresso House7158" "Bar, cafe & restaurant" #spiir
  spiir-id: "638488611370349738"
  Assets:Checking:Primary  -54.00 DKK
  Expenses:Food:Restaurant  54.00 DKK

2024-04-16 * "Rejsekort - DSB" "Bus, tog, færge o.l." #spiir
  spiir-id: "638488611370349739"
  Assets:Checking:Primary  -300.00 DKK
  Expenses:Transport:Public  300.00 DKK

2024-04-16 * "365discount Hvidov" "Dagligvarer" #spiir
  spiir-id: "638488615367854075"
  Assets:Checking:Dagligvarer  -138.25 DKK
  Expenses:Food:Groceries  138.25 DKK

2024-04-16 * "Google Nest g.co/helppayÆ" "Alarmsystem" #spiir
  spiir-id: "638488615368034420"
  Assets:Checking:Dagligvarer  -40.00 DKK
  Expenses:House:Alarm  40.00 DKK

2024-04-16 * "Polsevognen Vestamager Kastrup" "Fastfood & takeaway" #spiir
  spiir-id: "638488615368034421"
  Assets:Checking:Dagligvarer  -94.00 DKK
  Expenses:Food:Takeaway  94.00 DKK

2024-04-16 * "Lidl" "Dagligvarer" #spiir
  spiir-id: "638488615368034422"
  Assets:Checking:Dagligvarer  -262.95 DKK
  Expenses:Food:Groceries  262.95 DKK

2024-04-16 * "Lidl" "Dagligvarer" #spiir
  spiir-id: "638488615368034423"
  Assets:Checking:Dagligvarer  -12.00 DKK
  Expenses:Food:Groceries  12.00 DKK

2024-04-16 * "Lidl" "Dagligvarer" #spiir
  spiir-id: "638488615368034424"
  Assets:Checking:Dagligvarer  -80.00 DKK
  Expenses:Food:Groceries  80.00 DKK

2024-04-16 * "Lidl" "Dagligvarer" #spiir
  spiir-id: "638488615368034425"
  Assets:Checking:Dagligvarer  -338.22 DKK
  Expenses:Food:Groceries  338.22 DKK

2024-04-16 * "Lidl" "Dagligvarer" #spiir
  spiir-id: "638488615368034426"
  Assets:Checking:Dagligvarer  34.90 DKK
  Expenses:Food:Groceries  -34.90 DKK

2024-04-16 * "Lidl" "Dagligvarer" #spiir
  spiir-id: "638488615368034427"
  Assets:Checking:Dagligvarer  50.00 DKK
  Expenses:Food:Groceries  -50.00 DKK

2024-04-16 * "Meny Valby, Toften" "Dagligvarer" #spiir
  spiir-id: "638488615368034428"
  Assets:Checking:Dagligvarer  -91.17 DKK
  Expenses:Food:Groceries  91.17 DKK

2024-04-16 * "Den Kinesiske Købm" "Dagligvarer" #spiir
  spiir-id: "638488615368034429"
  Assets:Checking:Dagligvarer  -96.95 DKK
  Expenses:Food:Groceries  96.95 DKK

2024-04-16 * "MobilePay Mille Frederikke Munch Lu" "" #spiir
  spiir-id: "638489396728188768"
  Assets:Checking:Dagligvarer  -400.00 DKK
  Expenses:Uncategorized  400.00 DKK

2024-04-17 * "Tfl Travel Ch Tfl.Gov.Uk/Cp" "Bus, tog, færge o.l." #spiir
  spiir-id: "638489394338541906"
  Assets:Checking:Primary  -72.62 DKK
  Expenses:Transport:Public  72.62 DKK

2024-04-17 * "Denbigh Food And Wine London" "Dagligvarer" #spiir
  spiir-id: "638489394338541907"
  Assets:Checking:Primary  -42.78 DKK
  Expenses:Food:Groceries  42.78 DKK

2024-04-17 * "Shell Express-9504 Valby" "Brændstof" #spiir
  spiir-id: "638489396728188767"
  Assets:Checking:Dagligvarer  -472.54 DKK
  Expenses:Car:Gas  472.54 DKK

2024-04-17 * "tipster.dk 3-1-5" "" #spiir
  spiir-id: "638490262502607767"
  Assets:Checking:Dagligvarer  -240.00 DKK
  Expenses:Uncategorized  240.00 DKK

2024-04-17 * "tipster.dk 3-2-6" "" #spiir
  spiir-id: "638490262502607768"
  Assets:Checking:Dagligvarer  -480.00 DKK
  Expenses:Uncategorized  480.00 DKK

2024-04-17 * "tipster.dk 0-2-8" "" #spiir
  spiir-id: "638490262502607769"
  Assets:Checking:Dagligvarer  -480.00 DKK
  Expenses:Uncategorized  480.00 DKK

2024-04-18 * "Bone Daddies Victoria London" "Bar, cafe & restaurant" #spiir
  spiir-id: "638490258540235217"
  Assets:Checking:Primary  -210.61 DKK
  Expenses:Food:Restaurant  210.61 DKK

2024-04-18 * "Flight Club Victoria Victoria" "Bar, cafe & restaurant" #spiir
  spiir-id: "638490258540235218"
  Assets:Checking:Primary  -104.56 DKK
  Expenses:Food:Restaurant  104.56 DKK

2024-04-18 * "Tfl Travel Ch Tfl.Gov.Uk/Cp" "Bus, tog, færge o.l." #spiir
  spiir-id: "638490262502607766"
  Assets:Checking:Dagligvarer  -86.62 DKK
  Expenses:Transport:Public  86.62 DKK

2024-04-18 * "Til Dagligvarer" "Kontooverførsel" #spiir
  spiir-id: "638491199814355093"
  Assets:Checking:Primary  -1500.00 DKK
  Assets:Transfer  1500.00 DKK

2024-04-18 * "Til Dagligvarer" "Kontooverførsel" #spiir
  spiir-id: "638491203243781439"
  Assets:Checking:Dagligvarer  1500.00 DKK
  Assets:Transfer  -1500.00 DKK

2024-04-18 * "Fra Lee Ann Hollesen" "Dagligvarer" #spiir
  spiir-id: "638491203243781440"
  Assets:Checking:Dagligvarer  1500.00 DKK
  Expenses:Food:Groceries  -1500.00 DKK

2024-04-19 * "Bone Daddies Victoria London" "Bar, cafe & restaurant" #spiir
  spiir-id: "638491199814355086"
  Assets:Checking:Primary  -200.78 DKK
  Expenses:Food:Restaurant  200.78 DKK

2024-04-19 * "Costcutter London" "Ferieaktiviteter" #spiir
  spiir-id: "638491199814355087"
  Assets:Checking:Primary  -20.82 DKK
  Expenses:Travel:Activities  20.82 DKK

2024-04-19 * "Costcutter London" "Ferieaktiviteter" #spiir
  spiir-id: "638491199814355088"
  Assets:Checking:Primary  -26.16 DKK
  Expenses:Travel:Activities  26.16 DKK

2024-04-19 * "Vauxwall West" "Biograf, koncerter & forlystelser" #spiir
  spiir-id: "638491199814355089"
  Assets:Checking:Primary  -157.48 DKK
  Expenses:Entertainment:Events  157.48 DKK

2024-04-19 * "Vauxwall West" "Biograf, koncerter & forlystelser" #spiir
  spiir-id: "638491199814355090"
  Assets:Checking:Primary  -26.25 DKK
  Expenses:Entertainment:Events  26.25 DKK

2024-04-19 * "Shake Shack London" "Bar, cafe & restaurant" #spiir
  spiir-id: "638491199814355091"
  Assets:Checking:Primary  -79.61 DKK
  Expenses:Food:Restaurant  79.61 DKK

2024-04-19 * "Børne- og Ungeydelse" "Børnepenge" #spiir
  spiir-id: "638491199814355092"
  Assets:Checking:Primary  4590.00 DKK
  Income:ChildBenefit  -4590.00 DKK

2024-04-19 * "AMZN Mktp DE" "Andet privatforbrug" #spiir
  spiir-id: "638491203243781437"
  Assets:Checking:Dagligvarer  -484.03 DKK
  Expenses:Shopping:Other  484.03 DKK

2024-04-19 * "Spotify" "Film, musik & læsestof" #spiir
  spiir-id: "638491203243781438"
  Assets:Checking:Dagligvarer  -149.00 DKK
  Expenses:Entertainment:Media  149.00 DKK

2024-04-20 * "MobilePay Mille Frederikke Munch Lu" "" #spiir
  spiir-id: "638492892320601357"
  Assets:Checking:Dagligvarer  -1200.00 DKK
  Expenses:Uncategorized  1200.00 DKK

2024-04-22 * "Børnepenge - PRM" "Kontooverførsel" #spiir
  spiir-id: "638493783473189728"
  Assets:Checking:Primary  -2327.00 DKK
  Assets:Transfer  2327.00 DKK

2024-04-22 * "Lhr T5 Wdf Main Wellington Ro" "Kiosk, bager & specialbutikker" #spiir
  spiir-id: "638493783473189729"
  Assets:Checking:Primary  -198.59 DKK
  Expenses:Food:Kiosk  198.59 DKK

2024-04-22 * "Udl. kortbetaling, 1.50% af DKK -19" "Ferieaktiviteter" #spiir
  spiir-id: "638493783473189730"
  Assets:Checking:Primary  -29.35 DKK
  Expenses:Travel:Activities  29.35 DKK

2024-04-22 * "Copilot Httpsmycopilo" "" #spiir
  spiir-id: "638493783473189731"
  Assets:Checking:Primary  -1956.48 DKK
  Expenses:Uncategorized  1956.48 DKK

2024-04-22 * "Wagamama Heathrow London" "Bar, cafe & restaurant" #spiir
  spiir-id: "638493783473189732"
  Assets:Checking:Primary  -144.48 DKK
  Expenses:Food:Restaurant  144.48 DKK

2024-04-22 * "WH Smith Heathrow T5 London" "Kiosk, bager & specialbutikker" #spiir
  spiir-id: "638493783473189733"
  Assets:Checking:Primary  -100.52 DKK
  Expenses:Food:Kiosk  100.52 DKK

2024-04-22 * "Taxi Shop Caf Hillingdone" "Taxi" #spiir
  spiir-id: "638493783473189734"
  Assets:Checking:Primary  -31.52 DKK
  Expenses:Transport:Taxi  31.52 DKK

2024-04-22 * "SQ FORMATIVE London" "Fastfood & takeaway" #spiir
  spiir-id: "638493783473189735"
  Assets:Checking:Primary  -66.55 DKK
  Expenses:Food:Takeaway  66.55 DKK

2024-04-22 * "Caffe Nero 551 Buckingh London" "Bar, cafe & restaurant" #spiir
  spiir-id: "638493783473189736"
  Assets:Checking:Primary  -31.93 DKK
  Expenses:Food:Restaurant  31.93 DKK

2024-04-22 * "Lhr T5 Wdf Transfer Wellington Ro" "Kiosk, bager & specialbutikker" #spiir
  spiir-id: "638493783473189737"
  Assets:Checking:Primary  -101.57 DKK
  Expenses:Food:Kiosk  101.57 DKK

2024-04-22 * "Børnepenge - LAH" "Kontooverførsel" #spiir
  spiir-id: "638493785635545503"
  Assets:Checking:Fixed  2327.00 DKK
  Assets:Transfer  -2327.00 DKK

2024-04-22 * "Børnepenge - PRM" "Børnepenge" #spiir
  spiir-id: "638493785635545504"
  Assets:Checking:Fixed  2327.00 DKK
  Income:ChildBenefit  -2327.00 DKK

2024-04-22 * "skiftselv.dk" "Møbler & boligudstyr" #spiir
  spiir-id: "638493787417275721"
  Assets:Checking:Dagligvarer  -676.50 DKK
  Expenses:Shopping:Furniture  676.50 DKK

2024-04-22 * "Netto Gl. Køge Lan" "Dagligvarer" #spiir
  spiir-id: "638493787417275722"
  Assets:Checking:Dagligvarer  -240.10 DKK
  Expenses:Food:Groceries  240.10 DKK

2024-04-22 * "Netto Gl. Køge Lan" "Dagligvarer" #spiir
  spiir-id: "638493787417275723"
  Assets:Checking:Dagligvarer  -10.00 DKK
  Expenses:Food:Groceries  10.00 DKK

2024-04-22 * "Itunes.Com" "Online services & software" #spiir
  spiir-id: "638493787417275724"
  Assets:Checking:Dagligvarer  -89.00 DKK
  Expenses:Subscriptions:Software  89.00 DKK

2024-04-22 * "Lidl" "Dagligvarer" #spiir
  spiir-id: "638493787417275725"
  Assets:Checking:Dagligvarer  -199.00 DKK
  Expenses:Food:Groceries  199.00 DKK

2024-04-22 * "Fisketorvet Føtex" "Dagligvarer" #spiir
  spiir-id: "638493787417275726"
  Assets:Checking:Dagligvarer  -218.35 DKK
  Expenses:Food:Groceries  218.35 DKK

2024-04-22 * "Til Dagligvarer" "Kontooverførsel" #spiir
  spiir-id: "638494612305737725"
  Assets:Checking:Primary  -1500.00 DKK
  Assets:Transfer  1500.00 DKK

2024-04-22 * "Fra Primary" "Kontooverførsel" #spiir
  spiir-id: "638494615643427826"
  Assets:Checking:Dagligvarer  1500.00 DKK
  Assets:Transfer  -1500.00 DKK

2024-04-22 * "Fra Lee Ann Hollesen" "Dagligvarer" #spiir
  spiir-id: "638494615643427827"
  Assets:Checking:Dagligvarer  1500.00 DKK
  Expenses:Food:Groceries  -1500.00 DKK

2024-04-22 * "MobilePay" "" #spiir
  spiir-id: "638494615643427828"
  Assets:Checking:Dagligvarer  -50.00 DKK
  Expenses:Uncategorized  50.00 DKK

2024-04-23 * "Cafe Fiol Koebenhavn K" "Bar, cafe & restaurant" #spiir
  spiir-id: "638494612305534978"
  Assets:Checking:Primary  -45.00 DKK
  Expenses:Food:Restaurant  45.00 DKK

2024-04-23 * "Tfl Travel Ch Tfl.Gov.Uk/Cp" "Bus, tog, færge o.l." #spiir
  spiir-id: "638494612305737724"
  Assets:Checking:Primary  -32.29 DKK
  Expenses:Transport:Public  32.29 DKK

2024-04-23 * "Tfl Travel Ch Tfl.Gov.Uk/Cp" "Bus, tog, færge o.l." #spiir
  spiir-id: "638494615643427823"
  Assets:Checking:Dagligvarer  -26.18 DKK
  Expenses:Transport:Public  26.18 DKK

2024-04-23 * "Cafe Fiol Koebenhavn K" "Bar, cafe & restaurant" #spiir
  spiir-id: "638494615643427824"
  Assets:Checking:Dagligvarer  -55.00 DKK
  Expenses:Food:Restaurant  55.00 DKK

2024-04-23 * "Cafe Fiol Koebenhavn K" "Bar, cafe & restaurant" #spiir
  spiir-id: "638494615643427825"
  Assets:Checking:Dagligvarer  -5.00 DKK
  Expenses:Food:Restaurant  5.00 DKK

2024-04-23 * "Gaarden & Gaden Ap" "Bar, cafe & restaurant" #spiir
  spiir-id: "638495482849326594"
  Assets:Checking:Dagligvarer  -95.00 DKK
  Expenses:Food:Restaurant  95.00 DKK

2024-04-23 * "Trekroner Apotek" "Apotek & medicin" #spiir
  spiir-id: "638495482849326595"
  Assets:Checking:Dagligvarer  -234.45 DKK
  Expenses:Health:Pharmacy  234.45 DKK

2024-04-24 * "Meny Valby, Toften" "Dagligvarer" #spiir
  spiir-id: "638495482849326590"
  Assets:Checking:Dagligvarer  -79.95 DKK
  Expenses:Food:Groceries  79.95 DKK

2024-04-24 * "Netto Toftegårds A" "Dagligvarer" #spiir
  spiir-id: "638495482849326591"
  Assets:Checking:Dagligvarer  -93.00 DKK
  Expenses:Food:Groceries  93.00 DKK

2024-04-24 * "Føtex Food Torvepo" "Dagligvarer" #spiir
  spiir-id: "638495482849326592"
  Assets:Checking:Dagligvarer  -70.10 DKK
  Expenses:Food:Groceries  70.10 DKK

2024-04-24 * "Føtex Food Torvepo" "Dagligvarer" #spiir
  spiir-id: "638495482849326593"
  Assets:Checking:Dagligvarer  -6.00 DKK
  Expenses:Food:Groceries  6.00 DKK

2024-04-24 * "Coop365 Valby Lang" "Dagligvarer" #spiir
  spiir-id: "638496367821684573"
  Assets:Checking:Dagligvarer  -89.45 DKK
  Expenses:Food:Groceries  89.45 DKK

2024-04-25 * "Polo nye bagdæk" "Kontooverførsel" #spiir
  spiir-id: "638496367821684571"
  Assets:Checking:Dagligvarer  1000.00 DKK
  Assets:Transfer  -1000.00 DKK

2024-04-25 * "ADNAN EYAD Valby" "Dagligvarer" #spiir
  spiir-id: "638496367821684572"
  Assets:Checking:Dagligvarer  -59.00 DKK
  Expenses:Food:Groceries  59.00 DKK

2024-04-25 * "Til Dagligvarer" "Kontooverførsel" #spiir
  spiir-id: "638497210064106142"
  Assets:Checking:Primary  -1000.00 DKK
  Assets:Transfer  1000.00 DKK

2024-04-25 * "jem & fix" "Ombygning & vedligehold" #spiir
  spiir-id: "638497212796453656"
  Assets:Checking:Dagligvarer  -294.00 DKK
  Expenses:House:Renovation  294.00 DKK

2024-04-25 * "Til Dagligvarer" "Dagligvarer" #spiir
  spiir-id: "638497212796453657"
  Assets:Checking:Dagligvarer  1000.00 DKK
  Expenses:Food:Groceries  -1000.00 DKK

2024-04-25 * "365discount Hvidov" "Dagligvarer" #spiir
  spiir-id: "638497212796453658"
  Assets:Checking:Dagligvarer  -193.00 DKK
  Expenses:Food:Groceries  193.00 DKK

2024-04-25 * "Autotal I/S" "Værksted & reservedele" #spiir
  spiir-id: "638497212796453659"
  Assets:Checking:Dagligvarer  -1805.00 DKK
  Expenses:Car:Service  1805.00 DKK

2024-04-25 * "Lidl" "Dagligvarer" #spiir
  spiir-id: "638497212796453660"
  Assets:Checking:Dagligvarer  -43.55 DKK
  Expenses:Food:Groceries  43.55 DKK

2024-04-26 * "Børneloppen Valby" "Babyudstyr" #spiir
  spiir-id: "638497212796453655"
  Assets:Checking:Dagligvarer  -92.00 DKK
  Expenses:Kids:Baby  92.00 DKK

2024-04-28 * "Thulio salg" "Kontooverførsel" #spiir
  spiir-id: "638499788338921627"
  Assets:Checking:Primary  -6400.00 DKK
  Assets:Transfer  6400.00 DKK

2024-04-28 * "MobilePay Rebecca Blankholm" "" #spiir
  spiir-id: "638499788338921628"
  Assets:Checking:Primary  6400.00 DKK
  Expenses:Uncategorized  -6400.00 DKK

2024-04-28 * "Thulio salg" "Kontooverførsel" #spiir
  spiir-id: "638499791509999114"
  Assets:Checking:Dagligvarer  6400.00 DKK
  Assets:Transfer  -6400.00 DKK

2024-04-29 * "Netto Gl. Koege Lan" "Dagligvarer" #spiir
  spiir-id: "638499789932025253"
  Assets:Checking:Fixed  -132.20 DKK
  Expenses:Food:Groceries  132.20 DKK

2024-04-29 * "Fresto Copenhagen" "Bar, cafe & restaurant" #spiir
  spiir-id: "638499791509999113"
  Assets:Checking:Dagligvarer  -1.00 DKK
  Expenses:Food:Restaurant  1.00 DKK

2024-04-29 * "Eventyrsport A/S" "Tøj, sko & accessories" #spiir
  spiir-id: "638500658371129601"
  Assets:Checking:Dagligvarer  -256.00 DKK
  Expenses:Shopping:Clothing  256.00 DKK

2024-04-30 * "Huslån - PRM" "Kontooverførsel" #spiir
  spiir-id: "638500654782467834"
  Assets:Checking:Primary  -8947.08 DKK
  Assets:Transfer  8947.08 DKK

2024-04-30 * "Nedbetaling huslån - PRM" "Kontooverførsel" #spiir
  spiir-id: "638500654782467835"
  Assets:Checking:Primary  -8947.08 DKK
  Assets:Transfer  8947.08 DKK

2024-04-30 * "Huslån - LAH" "Kontooverførsel" #spiir
  spiir-id: "638500656702865888"
  Assets:Checking:Fixed  8947.08 DKK
  Assets:Transfer  -8947.08 DKK

2024-04-30 * "Huslån - PRM" "Kontooverførsel" #spiir
  spiir-id: "638500656702865889"
  Assets:Checking:Fixed  8947.08 DKK
  Assets:Transfer  -8947.08 DKK

2024-04-30 * "Realkredit Danmark" "Boliglån/husleje" #spiir
  spiir-id: "638500656702865890"
  Assets:Checking:Fixed  -17866.05 DKK
  Expenses:House:Mortgage  17866.05 DKK

2024-04-30 * "Olkollektivet Gorlose" "Tobak & alkohol" #spiir
  spiir-id: "638500658370824473"
  Assets:Checking:Dagligvarer  -50.00 DKK
  Expenses:Food:Alcohol  50.00 DKK

2024-04-30 * "UME ASIAN SUPERMARKET Kobenhavn" "Dagligvarer" #spiir
  spiir-id: "638500658370824474"
  Assets:Checking:Dagligvarer  -63.75 DKK
  Expenses:Food:Groceries  63.75 DKK

2024-04-30 * "Spar Ny Ellebjerg" "Dagligvarer" #spiir
  spiir-id: "638500658370824475"
  Assets:Checking:Dagligvarer  -453.28 DKK
  Expenses:Food:Groceries  453.28 DKK

2024-04-30 * "tipster.dk 3-2-5" "" #spiir
  spiir-id: "638501540485397234"
  Assets:Checking:Dagligvarer  -500.00 DKK
  Expenses:Uncategorized  500.00 DKK

2024-04-30 * "Lidl" "Dagligvarer" #spiir
  spiir-id: "638501540485397235"
  Assets:Checking:Dagligvarer  -49.00 DKK
  Expenses:Food:Groceries  49.00 DKK

2024-04-30 * "Lidl" "Dagligvarer" #spiir
  spiir-id: "638501540485397236"
  Assets:Checking:Dagligvarer  -108.90 DKK
  Expenses:Food:Groceries  108.90 DKK

2024-05-01 * "Lønoverførsel" "Løn" #spiir
  spiir-id: "638500654782467836"
  Assets:Checking:Primary  36301.00 DKK
  Income:Salary  -36301.00 DKK

2024-05-01 * "3 Danmark Koebenhavn SV" "Telefoni & internet" #spiir
  spiir-id: "638501537004952910"
  Assets:Checking:Primary  -160.00 DKK
  Expenses:Subscriptions:Telecom  160.00 DKK

2024-05-01 * "Tandforsikring - PRM" "Kontooverførsel" #spiir
  spiir-id: "638501537004952911"
  Assets:Checking:Primary  -60.00 DKK
  Assets:Transfer  60.00 DKK

2024-05-01 * "Spotify" "Kontooverførsel" #spiir
  spiir-id: "638501537004952912"
  Assets:Checking:Primary  -97.00 DKK
  Assets:Transfer  97.00 DKK

2024-05-01 * "Bilforsikr, afgift - PRM" "Kontooverførsel" #spiir
  spiir-id: "638501537004952913"
  Assets:Checking:Primary  -250.00 DKK
  Assets:Transfer  250.00 DKK

2024-05-01 * "Hus, indboforsikr - PRM" "Kontooverførsel" #spiir
  spiir-id: "638501537004952914"
  Assets:Checking:Primary  -347.00 DKK
  Assets:Transfer  347.00 DKK

2024-05-01 * "Ulykkesforsikring" "Kontooverførsel" #spiir
  spiir-id: "638501537004952915"
  Assets:Checking:Primary  -539.50 DKK
  Assets:Transfer  539.50 DKK

2024-05-01 * "El, vand og varme - PRM" "Kontooverførsel" #spiir
  spiir-id: "638501537004952916"
  Assets:Checking:Primary  -1084.00 DKK
  Assets:Transfer  1084.00 DKK

2024-05-01 * "Ejendommensskat - PRM" "Kontooverførsel" #spiir
  spiir-id: "638501537004952917"
  Assets:Checking:Primary  -1224.50 DKK
  Assets:Transfer  1224.50 DKK

2024-05-01 * "Vuggestue - PRM" "Kontooverførsel" #spiir
  spiir-id: "638501537004952918"
  Assets:Checking:Primary  -2010.50 DKK
  Assets:Transfer  2010.50 DKK

2024-05-01 * "Dagligvarer - PRM" "Kontooverførsel" #spiir
  spiir-id: "638501537005254288"
  Assets:Checking:Primary  -3500.00 DKK
  Assets:Transfer  3500.00 DKK

2024-05-01 * "iCloud Fastefæll.udgifte" "Kontooverførsel" #spiir
  spiir-id: "638501537005254289"
  Assets:Checking:Primary  69.00 DKK
  Assets:Transfer  -69.00 DKK

2024-05-01 * "Tryg" "Indbo- & familieforsikring" #spiir
  spiir-id: "638501538866819416"
  Assets:Checking:Fixed  -568.58 DKK
  Expenses:House:Contents-Insurance  568.58 DKK

2024-05-01 * "Tryg" "Indbo- & familieforsikring" #spiir
  spiir-id: "638501538867108584"
  Assets:Checking:Fixed  -389.64 DKK
  Expenses:House:Contents-Insurance  389.64 DKK

2024-05-01 * "Tryg" "Indbo- & familieforsikring" #spiir
  spiir-id: "638501538867108585"
  Assets:Checking:Fixed  -968.94 DKK
  Expenses:House:Contents-Insurance  968.94 DKK

2024-05-01 * "Tandforsikring - LAH" "Kontooverførsel" #spiir
  spiir-id: "638501538867108586"
  Assets:Checking:Fixed  60.00 DKK
  Assets:Transfer  -60.00 DKK

2024-05-01 * "Spotify" "Kontooverførsel" #spiir
  spiir-id: "638501538867108587"
  Assets:Checking:Fixed  97.00 DKK
  Assets:Transfer  -97.00 DKK

2024-05-01 * "Bilforsikr, afgift - LAH" "Kontooverførsel" #spiir
  spiir-id: "638501538867108588"
  Assets:Checking:Fixed  250.00 DKK
  Assets:Transfer  -250.00 DKK

2024-05-01 * "Hus, indboforsikr - LAH" "Kontooverførsel" #spiir
  spiir-id: "638501538867108589"
  Assets:Checking:Fixed  347.00 DKK
  Assets:Transfer  -347.00 DKK

2024-05-01 * "El, vand og varme - LAH" "Kontooverførsel" #spiir
  spiir-id: "638501538867108590"
  Assets:Checking:Fixed  1084.00 DKK
  Assets:Transfer  -1084.00 DKK

2024-05-01 * "Ejendomsskat - LAH" "Kontooverførsel" #spiir
  spiir-id: "638501538867108591"
  Assets:Checking:Fixed  1224.50 DKK
  Assets:Transfer  -1224.50 DKK

2024-05-01 * "Vuggestue - LAH" "Kontooverførsel" #spiir
  spiir-id: "638501538867108592"
  Assets:Checking:Fixed  2010.50 DKK
  Assets:Transfer  -2010.50 DKK

2024-05-01 * "Tandforsikring - PRM" "Sundheds- & sygeforsikring" #spiir
  spiir-id: "638501538867108593"
  Assets:Checking:Fixed  60.00 DKK
  Expenses:Insurance:Health  -60.00 DKK

2024-05-01 * "Spotify" "Film, musik & læsestof" #spiir
  spiir-id: "638501538867108594"
  Assets:Checking:Fixed  97.00 DKK
  Expenses:Entertainment:Media  -97.00 DKK

2024-05-01 * "Bilforsikr, afgift - PRM" "Bilforsikring & autohjælp" #spiir
  spiir-id: "638501538867108595"
  Assets:Checking:Fixed  250.00 DKK
  Expenses:Car:Insurance  -250.00 DKK

2024-05-01 * "Hus, indboforsikr - PRM" "Husforsikring" #spiir
  spiir-id: "638501538867108596"
  Assets:Checking:Fixed  347.00 DKK
  Expenses:House:Insurance  -347.00 DKK

2024-05-01 * "Ulykkesforsikring - PRM" "Kontooverførsel" #spiir
  spiir-id: "638501538867108597"
  Assets:Checking:Fixed  539.50 DKK
  Assets:Transfer  -539.50 DKK

2024-05-01 * "El, vand og varme - PRM" "El, vand, varme & renovation" #spiir
  spiir-id: "638501538867108598"
  Assets:Checking:Fixed  1084.00 DKK
  Expenses:House:Heating  -1084.00 DKK

2024-05-01 * "Ejendommensskat - PRM" "Ejendomsskat" #spiir
  spiir-id: "638501538867108599"
  Assets:Checking:Fixed  1224.50 DKK
  Expenses:House:Tax  -1224.50 DKK

2024-05-01 * "Vuggestue - PRM" "Institution" #spiir
  spiir-id: "638501538867108600"
  Assets:Checking:Fixed  2010.50 DKK
  Expenses:Kids:Institution  -2010.50 DKK

2024-05-01 * "iCloud" "Kontooverførsel" #spiir
  spiir-id: "638501538867108601"
  Assets:Checking:Fixed  -69.00 DKK
  Assets:Transfer  69.00 DKK

2024-05-01 * "BEHOV ApS Kobenhavn" "Bar, cafe & restaurant" #spiir
  spiir-id: "638501540485397231"
  Assets:Checking:Dagligvarer  -103.00 DKK
  Expenses:Food:Restaurant  103.00 DKK

2024-05-01 * "Fællesudgifter" "Kontooverførsel" #spiir
  spiir-id: "638501540485397232"
  Assets:Checking:Dagligvarer  3500.00 DKK
  Assets:Transfer  -3500.00 DKK

2024-05-01 * "Dagligvarer - PRM" "Dagligvarer" #spiir
  spiir-id: "638501540485397233"
  Assets:Checking:Dagligvarer  3500.00 DKK
  Expenses:Food:Groceries  -3500.00 DKK

2024-05-01 * "hiper.dk" "Telefoni & internet" #spiir
  spiir-id: "638502464439399433"
  Assets:Checking:Primary  -319.00 DKK
  Expenses:Subscriptions:Telecom  319.00 DKK

2024-05-01 * "Kvickly Hvidovre" "Dagligvarer" #spiir
  spiir-id: "638502466033485785"
  Assets:Checking:Dagligvarer  -660.02 DKK
  Expenses:Food:Groceries  660.02 DKK

2024-05-01 * "MobilePay Mødrehjælpen Hvidovre Rød" "Gaver & velgørenhed" #spiir
  spiir-id: "638502466033485786"
  Assets:Checking:Dagligvarer  -205.00 DKK
  Expenses:Gifts  205.00 DKK

2024-05-02 * "selvbetjening.id-p W1O35" "Offentligt gebyr" #spiir
  spiir-id: "638503285477457433"
  Assets:Checking:Dagligvarer  -150.00 DKK
  Expenses:Tax:Fees  150.00 DKK

2024-05-03 * "Kft Jylland-Kbh Koebenhavn V" "Dagligvarer" #spiir
  spiir-id: "638503285477457430"
  Assets:Checking:Dagligvarer  -42.95 DKK
  Expenses:Food:Groceries  42.95 DKK

2024-05-03 * "UME ASIAN SUPERMARKET Kobenhavn" "Dagligvarer" #spiir
  spiir-id: "638503285477457431"
  Assets:Checking:Dagligvarer  -9.95 DKK
  Expenses:Food:Groceries  9.95 DKK

2024-05-03 * "Børneloppen Valby" "Babyudstyr" #spiir
  spiir-id: "638503285477457432"
  Assets:Checking:Dagligvarer  -78.75 DKK
  Expenses:Kids:Baby  78.75 DKK

2024-05-05 * "MobilePay Mette Pelant Pedersen" "" #spiir
  spiir-id: "638505845158188498"
  Assets:Checking:Dagligvarer  -650.00 DKK
  Expenses:Uncategorized  650.00 DKK

2024-05-06 * "Ida Ingeniørfore. i Danm" "Fagforening & a-kasse" #spiir
  spiir-id: "638505843587383603"
  Assets:Checking:Primary  -878.25 DKK
  Expenses:Insurance:Union  878.25 DKK

2024-05-06 * "Hvidovre kommune" "Institution" #spiir
  spiir-id: "638505844432396337"
  Assets:Checking:Fixed  -5962.50 DKK
  Expenses:Kids:Institution  5962.50 DKK

2024-05-06 * "Hofor A/S" "El, vand, varme & renovation" #spiir
  spiir-id: "638505844432396338"
  Assets:Checking:Fixed  -2100.63 DKK
  Expenses:House:Heating  2100.63 DKK

2024-05-06 * "Evida Service Nord A/S" "El, vand, varme & renovation" #spiir
  spiir-id: "638505844432396339"
  Assets:Checking:Fixed  -690.57 DKK
  Expenses:House:Heating  690.57 DKK

2024-05-06 * "365discount Hvidov" "Dagligvarer" #spiir
  spiir-id: "638505845158188491"
  Assets:Checking:Dagligvarer  -165.25 DKK
  Expenses:Food:Groceries  165.25 DKK

2024-05-06 * "Netto Gl. Køge Lan" "Dagligvarer" #spiir
  spiir-id: "638505845158188492"
  Assets:Checking:Dagligvarer  -125.45 DKK
  Expenses:Food:Groceries  125.45 DKK

2024-05-06 * "Netto Hvidovrevej" "Dagligvarer" #spiir
  spiir-id: "638505845158188493"
  Assets:Checking:Dagligvarer  -28.00 DKK
  Expenses:Food:Groceries  28.00 DKK

2024-05-06 * "Netto Hvidovrevej" "Dagligvarer" #spiir
  spiir-id: "638505845158188494"
  Assets:Checking:Dagligvarer  -257.55 DKK
  Expenses:Food:Groceries  257.55 DKK

2024-05-06 * "Netto Hvidovrevej" "Dagligvarer" #spiir
  spiir-id: "638505845158188495"
  Assets:Checking:Dagligvarer  -80.00 DKK
  Expenses:Food:Groceries  80.00 DKK

2024-05-06 * "Netto Gl. Køge Lan" "Dagligvarer" #spiir
  spiir-id: "638505845158188496"
  Assets:Checking:Dagligvarer  -29.00 DKK
  Expenses:Food:Groceries  29.00 DKK

2024-05-06 * "Føtex Friheden" "Dagligvarer" #spiir
  spiir-id: "638505845158188497"
  Assets:Checking:Dagligvarer  -457.30 DKK
  Expenses:Food:Groceries  457.30 DKK

2024-05-06 * "tipster.dk 8-2-9" "Bar, cafe & restaurant" #spiir
  spiir-id: "638506734321947025"
  Assets:Checking:Primary  -140.00 DKK
  Expenses:Food:Restaurant  140.00 DKK

2024-05-06 * "MobilePay Karsbæk Hvidevarer Servic" "" #spiir
  spiir-id: "638506736093376402"
  Assets:Checking:Dagligvarer  -995.00 DKK
  Expenses:Uncategorized  995.00 DKK

2024-05-06 * "tipster.dk 7-2-1" "" #spiir
  spiir-id: "638506736093376403"
  Assets:Checking:Dagligvarer  -140.00 DKK
  Expenses:Uncategorized  140.00 DKK

2024-05-07 * "Kino I Valby Ivs Valby" "Biograf, koncerter & forlystelser" #spiir
  spiir-id: "638506734321947024"
  Assets:Checking:Primary  -85.00 DKK
  Expenses:Entertainment:Events  85.00 DKK

2024-05-07 * "Kino I Valby Ivs Valby" "Biograf, koncerter & forlystelser" #spiir
  spiir-id: "638506736093376401"
  Assets:Checking:Dagligvarer  -45.00 DKK
  Expenses:Entertainment:Events  45.00 DKK

2024-05-07 * "Kvickly Hvidovre" "Dagligvarer" #spiir
  spiir-id: "638507568972283451"
  Assets:Checking:Dagligvarer  -69.00 DKK
  Expenses:Food:Groceries  69.00 DKK

2024-05-07 * "Kvickly Hvidovre" "Dagligvarer" #spiir
  spiir-id: "638507568972283452"
  Assets:Checking:Dagligvarer  -85.70 DKK
  Expenses:Food:Groceries  85.70 DKK

2024-05-08 * "Klarna Bodyman Stockholm" "" #spiir
  spiir-id: "638507567160857307"
  Assets:Checking:Primary  -590.00 DKK
  Expenses:Uncategorized  590.00 DKK

2024-05-08 * "Rødby Putt Onboard" "Bar, cafe & restaurant" #spiir
  spiir-id: "638507567160857308"
  Assets:Checking:Primary  -45.95 DKK
  Expenses:Food:Restaurant  45.95 DKK

2024-05-08 * "Skattestyrelsen Motor Op" "Ejerafgift/grøn afgift" #spiir
  spiir-id: "638507568096805064"
  Assets:Checking:Fixed  -1480.00 DKK
  Expenses:Car:Tax  1480.00 DKK

2024-05-08 * "Circle K Greve St" "Brændstof" #spiir
  spiir-id: "638507568972283449"
  Assets:Checking:Dagligvarer  -286.18 DKK
  Expenses:Car:Gas  286.18 DKK

2024-05-08 * "Scandlines DK WEB" "Anden transport" #spiir
  spiir-id: "638507568972283450"
  Assets:Checking:Dagligvarer  -1199.00 DKK
  Expenses:Transport:Other  1199.00 DKK

2024-05-08 * "Lidl" "Dagligvarer" #spiir
  spiir-id: "638508404177087511"
  Assets:Checking:Dagligvarer  -120.90 DKK
  Expenses:Food:Groceries  120.90 DKK

2024-05-13 * "Michael Kaup Systemgas Hamburg" "Fastfood & takeaway" #spiir
  spiir-id: "638511948650149704"
  Assets:Checking:Dagligvarer  -74.37 DKK
  Expenses:Food:Takeaway  74.37 DKK

2024-05-14 * "Udl. kortbetaling, 1.50% af DKK -10" "Bankgebyrer" #spiir
  spiir-id: "638512829329777270"
  Assets:Checking:Primary  -1.55 DKK
  Expenses:Bank:Fees  1.55 DKK

2024-05-14 * "Audible*Y36DX9QM3 Amzn.com/bill" "" #spiir
  spiir-id: "638512829329777271"
  Assets:Checking:Primary  -103.66 DKK
  Expenses:Uncategorized  103.66 DKK

2024-05-14 * "Rødby Putt Onboard" "Bar, cafe & restaurant" #spiir
  spiir-id: "638512829329777272"
  Assets:Checking:Primary  -499.95 DKK
  Expenses:Food:Restaurant  499.95 DKK

2024-05-14 * "REWE Hannover/Ande Hannover" "Dagligvarer" #spiir
  spiir-id: "638512831026206267"
  Assets:Checking:Dagligvarer  -327.03 DKK
  Expenses:Food:Groceries  327.03 DKK

2024-05-14 * "Rastst. Lueneburger Heide Bisping" "Ferieaktiviteter" #spiir
  spiir-id: "638512831026206268"
  Assets:Checking:Dagligvarer  -37.23 DKK
  Expenses:Travel:Activities  37.23 DKK

2024-05-14 * "Rastst. Lueneburger Heide Bisping" "Ferieaktiviteter" #spiir
  spiir-id: "638512831026206269"
  Assets:Checking:Dagligvarer  -32.83 DKK
  Expenses:Travel:Activities  32.83 DKK

2024-05-14 * "Mc Donalds 01772 Bispingen" "Fastfood & takeaway" #spiir
  spiir-id: "638512831026206270"
  Assets:Checking:Dagligvarer  -44.69 DKK
  Expenses:Food:Takeaway  44.69 DKK

2024-05-14 * "Netto Marken-Discount Clausthal-Z" "Dagligvarer" #spiir
  spiir-id: "638512831026206271"
  Assets:Checking:Dagligvarer  -232.55 DKK
  Expenses:Food:Groceries  232.55 DKK

2024-05-14 * "HEM Tankstelle Wedel" "Brændstof" #spiir
  spiir-id: "638512831026206272"
  Assets:Checking:Dagligvarer  -445.36 DKK
  Expenses:Car:Gas  445.36 DKK

2024-05-14 * "Google Nest g.co/helppayÆ" "Alarmsystem" #spiir
  spiir-id: "638512831026206273"
  Assets:Checking:Dagligvarer  -40.00 DKK
  Expenses:House:Alarm  40.00 DKK

2024-05-14 * "Naturium Egestorf" "Bar, cafe & restaurant" #spiir
  spiir-id: "638512831026206274"
  Assets:Checking:Dagligvarer  -70.89 DKK
  Expenses:Food:Restaurant  70.89 DKK

2024-05-14 * "Shell 0239 Schellerten" "Brændstof" #spiir
  spiir-id: "638512831026206275"
  Assets:Checking:Dagligvarer  -11.12 DKK
  Expenses:Car:Gas  11.12 DKK

2024-05-14 * "BAT Hildesheimer Boerde O Schelle" "Ferieaktiviteter" #spiir
  spiir-id: "638512831026206276"
  Assets:Checking:Dagligvarer  -32.09 DKK
  Expenses:Travel:Activities  32.09 DKK

2024-05-14 * "Aldi Sagt Danke Clausthal-Zel" "Dagligvarer" #spiir
  spiir-id: "638512831026206277"
  Assets:Checking:Dagligvarer  -163.94 DKK
  Expenses:Food:Groceries  163.94 DKK

2024-05-14 * "Shell 0239 Schellerten" "Brændstof" #spiir
  spiir-id: "638512831026206278"
  Assets:Checking:Dagligvarer  -431.38 DKK
  Expenses:Car:Gas  431.38 DKK

2024-05-14 * "Naturium Egestorf" "Bar, cafe & restaurant" #spiir
  spiir-id: "638512831026206279"
  Assets:Checking:Dagligvarer  -58.20 DKK
  Expenses:Food:Restaurant  58.20 DKK

2024-05-14 * "Circle K Motorvejs" "Brændstof" #spiir
  spiir-id: "638512831026206280"
  Assets:Checking:Dagligvarer  -200.11 DKK
  Expenses:Car:Gas  200.11 DKK

2024-05-14 * "Bordershop Puttgar" "Dagligvarer" #spiir
  spiir-id: "638512831026206281"
  Assets:Checking:Dagligvarer  -18.95 DKK
  Expenses:Food:Groceries  18.95 DKK

2024-05-15 * "Famila-Warenhaus Luebe Pinneberg" "Dagligvarer" #spiir
  spiir-id: "638513689862571291"
  Assets:Checking:Dagligvarer  -272.07 DKK
  Expenses:Food:Groceries  272.07 DKK

2024-05-15 * "Rossmann 3324 Wedel" "Apotek & medicin" #spiir
  spiir-id: "638513689862571292"
  Assets:Checking:Dagligvarer  -641.89 DKK
  Expenses:Health:Pharmacy  641.89 DKK

2024-05-15 * "Netto Gl. Køge Lan" "Dagligvarer" #spiir
  spiir-id: "638513689862571293"
  Assets:Checking:Dagligvarer  -305.00 DKK
  Expenses:Food:Groceries  305.00 DKK

2024-05-16 * "Aral Station 130033004 Wedel" "Brændstof" #spiir
  spiir-id: "638514526426429178"
  Assets:Checking:Dagligvarer  -419.29 DKK
  Expenses:Car:Gas  419.29 DKK

2024-05-16 * "365discount Hvidov" "Dagligvarer" #spiir
  spiir-id: "638515366306661619"
  Assets:Checking:Dagligvarer  -22.50 DKK
  Expenses:Food:Groceries  22.50 DKK

2024-05-17 * "ETS København K" "Tøj, sko & accessories" #spiir
  spiir-id: "638515364459770782"
  Assets:Checking:Primary  899.00 DKK
  Expenses:Shopping:Clothing  -899.00 DKK

2024-05-17 * "Netto Hvidovrevej" "Dagligvarer" #spiir
  spiir-id: "638515366306661617"
  Assets:Checking:Dagligvarer  -133.45 DKK
  Expenses:Food:Groceries  133.45 DKK

2024-05-17 * "Netto Hvidovrevej" "Dagligvarer" #spiir
  spiir-id: "638515366306661618"
  Assets:Checking:Dagligvarer  -2.50 DKK
  Expenses:Food:Groceries  2.50 DKK

2024-05-19 * "MobilePay DOT APP" "Bus, tog, færge o.l." #spiir
  spiir-id: "638517916861156911"
  Assets:Checking:Primary  -72.00 DKK
  Expenses:Transport:Public  72.00 DKK

2024-05-21 * "Bauhaus Valby" "Ombygning & vedligehold" #spiir
  spiir-id: "638518826422416772"
  Assets:Checking:Primary  -354.40 DKK
  Expenses:House:Renovation  354.40 DKK

2024-05-21 * "365discount Hvidov" "Dagligvarer" #spiir
  spiir-id: "638518828068841186"
  Assets:Checking:Dagligvarer  -174.35 DKK
  Expenses:Food:Groceries  174.35 DKK

2024-05-21 * "Netto Gl. Køge Lan" "Dagligvarer" #spiir
  spiir-id: "638518828068841187"
  Assets:Checking:Dagligvarer  -27.50 DKK
  Expenses:Food:Groceries  27.50 DKK

2024-05-21 * "tipster.dk 6-2-9" "" #spiir
  spiir-id: "638519738234389590"
  Assets:Checking:Dagligvarer  -540.00 DKK
  Expenses:Uncategorized  540.00 DKK

2024-05-22 * "Roast Coffee ApS Kobenha" "Bar, cafe & restaurant" #spiir
  spiir-id: "638519736445616845"
  Assets:Checking:Primary  -112.00 DKK
  Expenses:Food:Restaurant  112.00 DKK

2024-05-22 * "Venner ApS Koebenhavn K" "Bar, cafe & restaurant" #spiir
  spiir-id: "638519738234389585"
  Assets:Checking:Dagligvarer  -231.00 DKK
  Expenses:Food:Restaurant  231.00 DKK

2024-05-22 * "Spotify" "Film, musik & læsestof" #spiir
  spiir-id: "638519738234389586"
  Assets:Checking:Dagligvarer  -149.00 DKK
  Expenses:Entertainment:Media  149.00 DKK

2024-05-22 * "Itunes.Com" "Online services & software" #spiir
  spiir-id: "638519738234389587"
  Assets:Checking:Dagligvarer  -89.00 DKK
  Expenses:Subscriptions:Software  89.00 DKK

2024-05-22 * "Spilhuset Vigersle" "Kiosk, bager & specialbutikker" #spiir
  spiir-id: "638519738234389588"
  Assets:Checking:Dagligvarer  -69.00 DKK
  Expenses:Food:Kiosk  69.00 DKK

2024-05-22 * "Netto Gl. Køge Lan" "Dagligvarer" #spiir
  spiir-id: "638519738234389589"
  Assets:Checking:Dagligvarer  -82.45 DKK
  Expenses:Food:Groceries  82.45 DKK

2024-05-22 * "SILVAN 577 Valby" "Ombygning & vedligehold" #spiir
  spiir-id: "638520548823474613"
  Assets:Checking:Dagligvarer  -429.95 DKK
  Expenses:House:Renovation  429.95 DKK

2024-05-22 * "SILVAN 577 Valby" "Ombygning & vedligehold" #spiir
  spiir-id: "638520548823474614"
  Assets:Checking:Dagligvarer  -299.95 DKK
  Expenses:House:Renovation  299.95 DKK

2024-05-22 * "SILVAN 577 Valby" "Ombygning & vedligehold" #spiir
  spiir-id: "638520548823474615"
  Assets:Checking:Dagligvarer  299.95 DKK
  Expenses:House:Renovation  -299.95 DKK

2024-05-22 * "MobilePay Sommerfest Harrestrup Vil" "" #spiir
  spiir-id: "638520548823474616"
  Assets:Checking:Dagligvarer  -390.00 DKK
  Expenses:Uncategorized  390.00 DKK

2024-05-23 * "Til Dagligvarer" "Kontooverførsel" #spiir
  spiir-id: "638520546888124388"
  Assets:Checking:Primary  -1500.00 DKK
  Assets:Transfer  1500.00 DKK

2024-05-23 * "Til Dagligvarer" "Kontooverførsel" #spiir
  spiir-id: "638520548823474608"
  Assets:Checking:Dagligvarer  1500.00 DKK
  Assets:Transfer  -1500.00 DKK

2024-05-23 * "Fra Lee Ann Hollesen" "Dagligvarer" #spiir
  spiir-id: "638520548823474609"
  Assets:Checking:Dagligvarer  1500.00 DKK
  Expenses:Food:Groceries  -1500.00 DKK

2024-05-23 * "Kft Jylland-Kbh Koebenhavn V" "Dagligvarer" #spiir
  spiir-id: "638520548823474610"
  Assets:Checking:Dagligvarer  -109.90 DKK
  Expenses:Food:Groceries  109.90 DKK

2024-05-23 * "Børneloppen Valby" "Babyudstyr" #spiir
  spiir-id: "638520548823474611"
  Assets:Checking:Dagligvarer  -387.50 DKK
  Expenses:Kids:Baby  387.50 DKK

2024-05-23 * "Bauhaus Valby" "Ombygning & vedligehold" #spiir
  spiir-id: "638520548823474612"
  Assets:Checking:Dagligvarer  -59.95 DKK
  Expenses:House:Renovation  59.95 DKK

2024-05-25 * "MobilePay Jesper Benthien Jensen" "" #spiir
  spiir-id: "638523146879182717"
  Assets:Checking:Dagligvarer  -225.00 DKK
  Expenses:Uncategorized  225.00 DKK

2024-05-27 * "365discount Hvidov" "Dagligvarer" #spiir
  spiir-id: "638524039713357717"
  Assets:Checking:Dagligvarer  -496.15 DKK
  Expenses:Food:Groceries  496.15 DKK

2024-05-27 * "Lidl" "Dagligvarer" #spiir
  spiir-id: "638524039713357718"
  Assets:Checking:Dagligvarer  -203.25 DKK
  Expenses:Food:Groceries  203.25 DKK

2024-05-27 * "Mcdonald's Valby Valby" "Fastfood & takeaway" #spiir
  spiir-id: "638524039713357719"
  Assets:Checking:Dagligvarer  -20.00 DKK
  Expenses:Food:Takeaway  20.00 DKK

2024-05-28 * "Xero Shoes Eu Prague" "Tøj, sko & accessories" #spiir
  spiir-id: "638524832893775129"
  Assets:Checking:Primary  -802.29 DKK
  Expenses:Shopping:Clothing  802.29 DKK

2024-05-28 * "Airbnb Hmfn8smrk9 458-988-2000" "Fly & Hotel" #spiir
  spiir-id: "638524834510829987"
  Assets:Checking:Dagligvarer  -1083.65 DKK
  Expenses:Travel:Transport  1083.65 DKK

2024-05-28 * "MobilePay Marlene Grubbe Egerup" "" #spiir
  spiir-id: "638525776902290241"
  Assets:Checking:Dagligvarer  -50.00 DKK
  Expenses:Uncategorized  50.00 DKK

2024-05-29 * "INGO København, He" "Brændstof" #spiir
  spiir-id: "638525776902290239"
  Assets:Checking:Dagligvarer  -539.02 DKK
  Expenses:Car:Gas  539.02 DKK

2024-05-29 * "Netto Hvidovrevej" "Dagligvarer" #spiir
  spiir-id: "638525776902290240"
  Assets:Checking:Dagligvarer  -249.40 DKK
  Expenses:Food:Groceries  249.40 DKK

2024-05-30 * "tipster.dk 9-2-8" "" #spiir
  spiir-id: "638526615116522847"
  Assets:Checking:Dagligvarer  -540.00 DKK
  Expenses:Uncategorized  540.00 DKK

2024-05-30 * "Coop365 Spinderiet" "Dagligvarer" #spiir
  spiir-id: "638527427530230950"
  Assets:Checking:Dagligvarer  -145.30 DKK
  Expenses:Food:Groceries  145.30 DKK

2024-05-30 * "Flying Tiger Cph34" "Møbler & boligudstyr" #spiir
  spiir-id: "638527427530230951"
  Assets:Checking:Dagligvarer  -140.00 DKK
  Expenses:Shopping:Furniture  140.00 DKK

2024-05-31 * "Huslån - PRM" "Kontooverførsel" #spiir
  spiir-id: "638527425565662901"
  Assets:Checking:Primary  -8947.08 DKK
  Assets:Transfer  8947.08 DKK

2024-05-31 * "Nedbetaling huslån - PRM" "Kontooverførsel" #spiir
  spiir-id: "638527425565662902"
  Assets:Checking:Primary  -8947.08 DKK
  Assets:Transfer  8947.08 DKK

2024-05-31 * "Huslån - LAH" "Kontooverførsel" #spiir
  spiir-id: "638527426558493933"
  Assets:Checking:Fixed  8947.08 DKK
  Assets:Transfer  -8947.08 DKK

2024-05-31 * "Huslån - PRM" "Kontooverførsel" #spiir
  spiir-id: "638527426558493934"
  Assets:Checking:Fixed  8947.08 DKK
  Assets:Transfer  -8947.08 DKK

2024-05-31 * "Realkredit Danmark" "Boliglån/husleje" #spiir
  spiir-id: "638527426558493935"
  Assets:Checking:Fixed  -17866.05 DKK
  Expenses:House:Mortgage  17866.05 DKK

2024-05-31 * "Dollar Shop" "" #spiir
  spiir-id: "638527427530230949"
  Assets:Checking:Dagligvarer  -25.00 DKK
  Expenses:Uncategorized  25.00 DKK

2024-06-01 * "Lønoverførsel" "Løn" #spiir
  spiir-id: "638527425565662903"
  Assets:Checking:Primary  39842.11 DKK
  Income:Salary  -39842.11 DKK

2024-06-03 * "Tandforsikring - PRM" "Kontooverførsel" #spiir
  spiir-id: "638530137084892420"
  Assets:Checking:Primary  -60.00 DKK
  Assets:Transfer  60.00 DKK

2024-06-03 * "Spotify" "Kontooverførsel" #spiir
  spiir-id: "638530137084892421"
  Assets:Checking:Primary  -97.00 DKK
  Assets:Transfer  97.00 DKK

2024-06-03 * "Bilforsikr, afgift - PRM" "Kontooverførsel" #spiir
  spiir-id: "638530137084892422"
  Assets:Checking:Primary  -250.00 DKK
  Assets:Transfer  250.00 DKK

2024-06-03 * "Hus, indboforsikr - PRM" "Kontooverførsel" #spiir
  spiir-id: "638530137084892423"
  Assets:Checking:Primary  -347.00 DKK
  Assets:Transfer  347.00 DKK

2024-06-03 * "El, vand og varme - PRM" "Kontooverførsel" #spiir
  spiir-id: "638530137084892424"
  Assets:Checking:Primary  -1084.00 DKK
  Assets:Transfer  1084.00 DKK

2024-06-03 * "Ejendommensskat - PRM" "Kontooverførsel" #spiir
  spiir-id: "638530137084892425"
  Assets:Checking:Primary  -1224.50 DKK
  Assets:Transfer  1224.50 DKK

2024-06-03 * "Vuggestue - PRM" "Kontooverførsel" #spiir
  spiir-id: "638530137084892426"
  Assets:Checking:Primary  -2010.50 DKK
  Assets:Transfer  2010.50 DKK

2024-06-03 * "Dagligvarer - PRM" "Kontooverførsel" #spiir
  spiir-id: "638530137084892427"
  Assets:Checking:Primary  -3500.00 DKK
  Assets:Transfer  3500.00 DKK

2024-06-03 * "iCloud Fastefæll.udgifte" "Kontooverførsel" #spiir
  spiir-id: "638530137084892428"
  Assets:Checking:Primary  69.00 DKK
  Assets:Transfer  -69.00 DKK

2024-06-03 * "Miele opvaskemaskine" "" #spiir
  spiir-id: "638530137084892429"
  Assets:Checking:Primary  -2649.00 DKK
  Expenses:Uncategorized  2649.00 DKK

2024-06-03 * "Bootleggers Ib ApS" "Bar, cafe & restaurant" #spiir
  spiir-id: "638530137084892430"
  Assets:Checking:Primary  -280.00 DKK
  Expenses:Food:Restaurant  280.00 DKK

2024-06-03 * "hiper.dk" "Telefoni & internet" #spiir
  spiir-id: "638530137084892431"
  Assets:Checking:Primary  -319.00 DKK
  Expenses:Subscriptions:Telecom  319.00 DKK

2024-06-03 * "3 Danmark Koebenhavn SV" "Telefoni & internet" #spiir
  spiir-id: "638530137084892432"
  Assets:Checking:Primary  -160.00 DKK
  Expenses:Subscriptions:Telecom  160.00 DKK

2024-06-03 * "Tandforsikring - LAH" "Kontooverførsel" #spiir
  spiir-id: "638530138166947796"
  Assets:Checking:Fixed  60.00 DKK
  Assets:Transfer  -60.00 DKK

2024-06-03 * "Spotify" "Kontooverførsel" #spiir
  spiir-id: "638530138166947797"
  Assets:Checking:Fixed  97.00 DKK
  Assets:Transfer  -97.00 DKK

2024-06-03 * "Bilforsikr, afgift - LAH" "Kontooverførsel" #spiir
  spiir-id: "638530138166947798"
  Assets:Checking:Fixed  250.00 DKK
  Assets:Transfer  -250.00 DKK

2024-06-03 * "Hus, indboforsikr - LAH" "Kontooverførsel" #spiir
  spiir-id: "638530138166947799"
  Assets:Checking:Fixed  347.00 DKK
  Assets:Transfer  -347.00 DKK

2024-06-03 * "El, vand og varme - LAH" "Kontooverførsel" #spiir
  spiir-id: "638530138166947800"
  Assets:Checking:Fixed  1084.00 DKK
  Assets:Transfer  -1084.00 DKK

2024-06-03 * "Ejendomsskat - LAH" "Kontooverførsel" #spiir
  spiir-id: "638530138166947801"
  Assets:Checking:Fixed  1224.50 DKK
  Assets:Transfer  -1224.50 DKK

2024-06-03 * "Vuggestue - LAH" "Kontooverførsel" #spiir
  spiir-id: "638530138166947802"
  Assets:Checking:Fixed  2010.50 DKK
  Assets:Transfer  -2010.50 DKK

2024-06-03 * "Tandforsikring - PRM" "Sundheds- & sygeforsikring" #spiir
  spiir-id: "638530138166947803"
  Assets:Checking:Fixed  60.00 DKK
  Expenses:Insurance:Health  -60.00 DKK

2024-06-03 * "Spotify" "Film, musik & læsestof" #spiir
  spiir-id: "638530138166947804"
  Assets:Checking:Fixed  97.00 DKK
  Expenses:Entertainment:Media  -97.00 DKK

2024-06-03 * "Bilforsikr, afgift - PRM" "Bilforsikring & autohjælp" #spiir
  spiir-id: "638530138166947805"
  Assets:Checking:Fixed  250.00 DKK
  Expenses:Car:Insurance  -250.00 DKK

2024-06-03 * "Hus, indboforsikr - PRM" "Husforsikring" #spiir
  spiir-id: "638530138166947806"
  Assets:Checking:Fixed  347.00 DKK
  Expenses:House:Insurance  -347.00 DKK

2024-06-03 * "El, vand og varme - PRM" "El, vand, varme & renovation" #spiir
  spiir-id: "638530138166947807"
  Assets:Checking:Fixed  1084.00 DKK
  Expenses:House:Heating  -1084.00 DKK

2024-06-03 * "Ejendommensskat - PRM" "Ejendomsskat" #spiir
  spiir-id: "638530138166947808"
  Assets:Checking:Fixed  1224.50 DKK
  Expenses:House:Tax  -1224.50 DKK

2024-06-03 * "Vuggestue - PRM" "Institution" #spiir
  spiir-id: "638530138166947809"
  Assets:Checking:Fixed  2010.50 DKK
  Expenses:Kids:Institution  -2010.50 DKK

2024-06-03 * "iCloud" "Kontooverførsel" #spiir
  spiir-id: "638530138166947810"
  Assets:Checking:Fixed  -69.00 DKK
  Assets:Transfer  69.00 DKK

2024-06-03 * "Tryg" "Indbo- & familieforsikring" #spiir
  spiir-id: "638530138166947811"
  Assets:Checking:Fixed  -389.64 DKK
  Expenses:House:Contents-Insurance  389.64 DKK

2024-06-03 * "Fællesudgifter" "Kontooverførsel" #spiir
  spiir-id: "638530138717584727"
  Assets:Checking:Dagligvarer  3500.00 DKK
  Assets:Transfer  -3500.00 DKK

2024-06-03 * "Dagligvarer - PRM" "Dagligvarer" #spiir
  spiir-id: "638530138717584728"
  Assets:Checking:Dagligvarer  3500.00 DKK
  Expenses:Food:Groceries  -3500.00 DKK

2024-06-03 * "MobilePay" "" #spiir
  spiir-id: "638530138717584729"
  Assets:Checking:Dagligvarer  -86.18 DKK
  Expenses:Uncategorized  86.18 DKK

2024-06-03 * "Netto Gl. Køge Lan" "Dagligvarer" #spiir
  spiir-id: "638530138717584730"
  Assets:Checking:Dagligvarer  -146.60 DKK
  Expenses:Food:Groceries  146.60 DKK

2024-06-03 * "Netto Gl. Køge Lan" "Dagligvarer" #spiir
  spiir-id: "638530138717740963"
  Assets:Checking:Dagligvarer  -196.65 DKK
  Expenses:Food:Groceries  196.65 DKK

2024-06-03 * "Netto Gl. Køge Lan" "Dagligvarer" #spiir
  spiir-id: "638530138717740964"
  Assets:Checking:Dagligvarer  35.00 DKK
  Expenses:Food:Groceries  -35.00 DKK

2024-06-03 * "AMZN Mktp DE" "Andet privatforbrug" #spiir
  spiir-id: "638530138717740965"
  Assets:Checking:Dagligvarer  -1198.89 DKK
  Expenses:Shopping:Other  1198.89 DKK

2024-06-04 * "Hatoba Sushi Koebenhavn S" "Bar, cafe & restaurant" #spiir
  spiir-id: "638530924728036630"
  Assets:Checking:Primary  -3015.00 DKK
  Expenses:Food:Restaurant  3015.00 DKK

2024-06-04 * "Kaffekvaern Hvidorve" "Bar, cafe & restaurant" #spiir
  spiir-id: "638530924728036631"
  Assets:Checking:Primary  -38.00 DKK
  Expenses:Food:Restaurant  38.00 DKK

2024-06-04 * "sushi" "Fastfood & takeaway" #spiir
  spiir-id: "638530924728036632"
  Assets:Checking:Primary  3015.00 DKK
  Expenses:Food:Takeaway  -3015.00 DKK

2024-06-04 * "Lidl" "Dagligvarer" #spiir
  spiir-id: "638530926694615223"
  Assets:Checking:Dagligvarer  -56.95 DKK
  Expenses:Food:Groceries  56.95 DKK

2024-06-05 * "MobilePay Isabella Hønnicke Amnéus" "" #spiir
  spiir-id: "638532581406247543"
  Assets:Checking:Dagligvarer  -100.00 DKK
  Expenses:Uncategorized  100.00 DKK

2024-06-06 * "Hvidovre kommune" "Institution" #spiir
  spiir-id: "638532580661702154"
  Assets:Checking:Fixed  -5716.50 DKK
  Expenses:Kids:Institution  5716.50 DKK

2024-06-06 * "Lavprisvvs.dk" "Ombygning & vedligehold" #spiir
  spiir-id: "638532581406247542"
  Assets:Checking:Dagligvarer  -505.00 DKK
  Expenses:House:Renovation  505.00 DKK

2024-06-06 * "Føtex Food Torvepo" "Dagligvarer" #spiir
  spiir-id: "638533512972287034"
  Assets:Checking:Dagligvarer  -270.00 DKK
  Expenses:Food:Groceries  270.00 DKK

2024-06-07 * "Buzz Cph Vejle" "Bar, cafe & restaurant" #spiir
  spiir-id: "638533512972287026"
  Assets:Checking:Dagligvarer  -24.00 DKK
  Expenses:Food:Restaurant  24.00 DKK

2024-06-07 * "Boreal Travel As Hafrsfjord" "Bus, tog, færge o.l." #spiir
  spiir-id: "638533512972287027"
  Assets:Checking:Dagligvarer  -616.01 DKK
  Expenses:Transport:Public  616.01 DKK

2024-06-07 * "ISBAR Kobenhavn K" "Kiosk, bager & specialbutikker" #spiir
  spiir-id: "638533512972287028"
  Assets:Checking:Dagligvarer  -60.00 DKK
  Expenses:Food:Kiosk  60.00 DKK

2024-06-07 * "Sofix Aps Kobenhavn K" "Bar, cafe & restaurant" #spiir
  spiir-id: "638533512972287029"
  Assets:Checking:Dagligvarer  -85.00 DKK
  Expenses:Food:Restaurant  85.00 DKK

2024-06-07 * "7-Eleven B104" "Kiosk, bager & specialbutikker" #spiir
  spiir-id: "638533512972287030"
  Assets:Checking:Dagligvarer  -59.00 DKK
  Expenses:Food:Kiosk  59.00 DKK

2024-06-07 * "Lagkagehuset" "Kiosk, bager & specialbutikker" #spiir
  spiir-id: "638533512972287031"
  Assets:Checking:Dagligvarer  -29.95 DKK
  Expenses:Food:Kiosk  29.95 DKK

2024-06-07 * "Espresso House7158" "Bar, cafe & restaurant" #spiir
  spiir-id: "638533512972287032"
  Assets:Checking:Dagligvarer  -120.00 DKK
  Expenses:Food:Restaurant  120.00 DKK

2024-06-07 * "Gebr. Heinemann" "Bar, cafe & restaurant" #spiir
  spiir-id: "638533512972287033"
  Assets:Checking:Dagligvarer  -35.00 DKK
  Expenses:Food:Restaurant  35.00 DKK

2024-06-10 * "Lidl" "Dagligvarer" #spiir
  spiir-id: "638536006032602317"
  Assets:Checking:Dagligvarer  -184.55 DKK
  Expenses:Food:Groceries  184.55 DKK

2024-06-10 * "Duty-Free 7301-Dfs-Svg Sola" "Kiosk, bager & specialbutikker" #spiir
  spiir-id: "638536006032602318"
  Assets:Checking:Dagligvarer  -44.93 DKK
  Expenses:Food:Kiosk  44.93 DKK

2024-06-10 * "Cookbook Mount Coolum" "Online services & software" #spiir
  spiir-id: "638536006032602319"
  Assets:Checking:Dagligvarer  -37.23 DKK
  Expenses:Subscriptions:Software  37.23 DKK

2024-06-10 * "Extra Klubbgata Stavanger" "Dagligvarer" #spiir
  spiir-id: "638536006032602320"
  Assets:Checking:Dagligvarer  -263.38 DKK
  Expenses:Food:Groceries  263.38 DKK

2024-06-10 * "Boreal Avd 201 Flybussen Hafrsfj" "Anden transport" #spiir
  spiir-id: "638536006032602321"
  Assets:Checking:Dagligvarer  -384.21 DKK
  Expenses:Transport:Other  384.21 DKK

2024-06-10 * "MobilePay DOT APP" "Bus, tog, færge o.l." #spiir
  spiir-id: "638536875575234911"
  Assets:Checking:Primary  -24.00 DKK
  Expenses:Transport:Public  24.00 DKK

2024-06-11 * "MobilePay DOT APP" "Bus, tog, færge o.l." #spiir
  spiir-id: "638536875575234908"
  Assets:Checking:Primary  -24.00 DKK
  Expenses:Transport:Public  24.00 DKK

2024-06-11 * "Norroena Concept Store St Stavang" "Tøj, sko & accessories" #spiir
  spiir-id: "638536875575234909"
  Assets:Checking:Primary  -975.31 DKK
  Expenses:Shopping:Clothing  975.31 DKK

2024-06-11 * "Duty-Free 7301-Dfs-Svg Sola" "Kiosk, bager & specialbutikker" #spiir
  spiir-id: "638536875575234910"
  Assets:Checking:Primary  -64.46 DKK
  Expenses:Food:Kiosk  64.46 DKK

2024-06-11 * "Extra Klubbgata Stavanger" "Dagligvarer" #spiir
  spiir-id: "638536877479468165"
  Assets:Checking:Dagligvarer  -71.77 DKK
  Expenses:Food:Groceries  71.77 DKK

2024-06-11 * "China Town As Stavanger" "Fastfood & takeaway" #spiir
  spiir-id: "638536877479468166"
  Assets:Checking:Dagligvarer  -455.06 DKK
  Expenses:Food:Takeaway  455.06 DKK

2024-06-11 * "Starbucks 6115 Stavanger" "Bar, cafe & restaurant" #spiir
  spiir-id: "638536877479468167"
  Assets:Checking:Dagligvarer  -38.36 DKK
  Expenses:Food:Restaurant  38.36 DKK

2024-06-11 * "Hikers Cafe Joerpeland" "Bar, cafe & restaurant" #spiir
  spiir-id: "638536877479468168"
  Assets:Checking:Dagligvarer  -56.56 DKK
  Expenses:Food:Restaurant  56.56 DKK

2024-06-11 * "Preikestolen Fjellstue Dr Joerpel" "Fly & Hotel" #spiir
  spiir-id: "638536877479468169"
  Assets:Checking:Dagligvarer  -79.96 DKK
  Expenses:Travel:Transport  79.96 DKK

2024-06-11 * "Extra Klubbgata Stavanger" "Dagligvarer" #spiir
  spiir-id: "638536877479468170"
  Assets:Checking:Dagligvarer  -258.80 DKK
  Expenses:Food:Groceries  258.80 DKK

2024-06-11 * "Normal Stavanger, Herbari Stavang" "Frisør & personlig pleje" #spiir
  spiir-id: "638536877479468171"
  Assets:Checking:Dagligvarer  -55.99 DKK
  Expenses:Shopping:Personal-Care  55.99 DKK

2024-06-11 * "Helgoe Meny Straen Stavanger" "Dagligvarer" #spiir
  spiir-id: "638536877479468172"
  Assets:Checking:Dagligvarer  -158.02 DKK
  Expenses:Food:Groceries  158.02 DKK

2024-06-11 * "Hvaldykk As Stavanger" "Fastfood & takeaway" #spiir
  spiir-id: "638536877479623984"
  Assets:Checking:Dagligvarer  -29.30 DKK
  Expenses:Food:Takeaway  29.30 DKK

2024-06-11 * "Bak Til Livet A Stavanger" "Fastfood & takeaway" #spiir
  spiir-id: "638536877479623985"
  Assets:Checking:Dagligvarer  -31.90 DKK
  Expenses:Food:Takeaway  31.90 DKK

2024-06-11 * "Aladdin Cuisine Figgjo" "Bar, cafe & restaurant" #spiir
  spiir-id: "638536877479623986"
  Assets:Checking:Dagligvarer  -651.08 DKK
  Expenses:Food:Restaurant  651.08 DKK

2024-06-11 * "Ark Herbarium S Stavanger" "Film, musik & læsestof" #spiir
  spiir-id: "638536877479623987"
  Assets:Checking:Dagligvarer  -55.21 DKK
  Expenses:Entertainment:Media  55.21 DKK

2024-06-11 * "Garmaz U Mirki Stavanger" "Bar, cafe & restaurant" #spiir
  spiir-id: "638536877479623988"
  Assets:Checking:Dagligvarer  -48.83 DKK
  Expenses:Food:Restaurant  48.83 DKK

2024-06-11 * "Extra Klubbgata Stavanger" "Dagligvarer" #spiir
  spiir-id: "638536877479623989"
  Assets:Checking:Dagligvarer  -65.82 DKK
  Expenses:Food:Groceries  65.82 DKK

2024-06-11 * "Kanelsnurren As Sandnes" "Kiosk, bager & specialbutikker" #spiir
  spiir-id: "638536877479623990"
  Assets:Checking:Dagligvarer  -59.25 DKK
  Expenses:Food:Kiosk  59.25 DKK

2024-06-11 * "Normal Stavanger, Herbari Stavang" "Frisør & personlig pleje" #spiir
  spiir-id: "638536877479623991"
  Assets:Checking:Dagligvarer  -15.63 DKK
  Expenses:Shopping:Personal-Care  15.63 DKK

2024-06-11 * "Pronto By Stavanger Luf" "Bar, cafe & restaurant" #spiir
  spiir-id: "638536877479623992"
  Assets:Checking:Dagligvarer  -74.22 DKK
  Expenses:Food:Restaurant  74.22 DKK

2024-06-11 * "Starbucks 6115 Stavanger" "Bar, cafe & restaurant" #spiir
  spiir-id: "638536877479623993"
  Assets:Checking:Dagligvarer  -69.01 DKK
  Expenses:Food:Restaurant  69.01 DKK

2024-06-11 * "Gadja Etiopisk Restaur Stavanger" "Bar, cafe & restaurant" #spiir
  spiir-id: "638536877479623994"
  Assets:Checking:Dagligvarer  -492.81 DKK
  Expenses:Food:Restaurant  492.81 DKK

2024-06-11 * "Narvesen 112 Ankomst, Sol Sola" "Dagligvarer" #spiir
  spiir-id: "638536877479623995"
  Assets:Checking:Dagligvarer  -44.92 DKK
  Expenses:Food:Groceries  44.92 DKK

2024-06-12 * "Lidl" "Dagligvarer" #spiir
  spiir-id: "638538743804632231"
  Assets:Checking:Dagligvarer  -26.50 DKK
  Expenses:Food:Groceries  26.50 DKK

2024-06-13 * "Udl. kortbetaling, 1.50% af DKK -10" "Bankgebyrer" #spiir
  spiir-id: "638538741888047455"
  Assets:Checking:Primary  -1.56 DKK
  Expenses:Bank:Fees  1.56 DKK

2024-06-13 * "Audible*KY82N7W53 Amzn.com/bill" "" #spiir
  spiir-id: "638538741888047456"
  Assets:Checking:Primary  -104.03 DKK
  Expenses:Uncategorized  104.03 DKK

2024-06-13 * "Netto Hvidovrevej" "Dagligvarer" #spiir
  spiir-id: "638538743804632230"
  Assets:Checking:Dagligvarer  -420.35 DKK
  Expenses:Food:Groceries  420.35 DKK

2024-06-13 * "REMA 1000 Kbh., Ha" "Dagligvarer" #spiir
  spiir-id: "638539533823830930"
  Assets:Checking:Dagligvarer  -28.50 DKK
  Expenses:Food:Groceries  28.50 DKK

2024-06-14 * "Fra Lee Ann Hollesen" "Kontooverførsel" #spiir
  spiir-id: "638539533823830928"
  Assets:Checking:Dagligvarer  2000.00 DKK
  Assets:Transfer  -2000.00 DKK

2024-06-14 * "Google Nest g.co/helppayÆ" "Alarmsystem" #spiir
  spiir-id: "638539533823830929"
  Assets:Checking:Dagligvarer  -40.00 DKK
  Expenses:House:Alarm  40.00 DKK

2024-06-14 * "Til Dagligvarer" "Kontooverførsel" #spiir
  spiir-id: "638540369801606483"
  Assets:Checking:Primary  -2000.00 DKK
  Assets:Transfer  2000.00 DKK

2024-06-14 * "MobilePay Lee Ann Hollesen Basse" "" #spiir
  spiir-id: "638540369801606484"
  Assets:Checking:Primary  1325.00 DKK
  Expenses:Uncategorized  -1325.00 DKK

2024-06-14 * "Til Dagligvarer" "Dagligvarer" #spiir
  spiir-id: "638540371537099390"
  Assets:Checking:Dagligvarer  2000.00 DKK
  Expenses:Food:Groceries  -2000.00 DKK

2024-06-14 * "SuperB Brostyk.vej" "Dagligvarer" #spiir
  spiir-id: "638540371537099391"
  Assets:Checking:Dagligvarer  -20.00 DKK
  Expenses:Food:Groceries  20.00 DKK

2024-06-14 * "tipster.dk 0-2-5" "" #spiir
  spiir-id: "638540371537099392"
  Assets:Checking:Dagligvarer  -500.00 DKK
  Expenses:Uncategorized  500.00 DKK

2024-06-17 * "Apcoa Parking DK" "Parkering" #spiir
  spiir-id: "638542137339605462"
  Assets:Checking:Primary  -500.00 DKK
  Expenses:Car:Parking  500.00 DKK

2024-06-17 * "Apcoa Parking DK" "Parkering" #spiir
  spiir-id: "638542137339605463"
  Assets:Checking:Primary  -500.00 DKK
  Expenses:Car:Parking  500.00 DKK

2024-06-17 * "Spilhuset Vigersle" "Kiosk, bager & specialbutikker" #spiir
  spiir-id: "638542137339605464"
  Assets:Checking:Primary  -20.00 DKK
  Expenses:Food:Kiosk  20.00 DKK

2024-06-17 * "MobilePay EASY PARK A/S" "Parkering" #spiir
  spiir-id: "638542139060726221"
  Assets:Checking:Dagligvarer  -6.00 DKK
  Expenses:Car:Parking  6.00 DKK

2024-06-17 * "Lidl" "Dagligvarer" #spiir
  spiir-id: "638542139060726222"
  Assets:Checking:Dagligvarer  -263.94 DKK
  Expenses:Food:Groceries  263.94 DKK

2024-06-17 * "MobilePay Tina Madsen" "" #spiir
  spiir-id: "638542954633307904"
  Assets:Checking:Primary  100.00 DKK
  Expenses:Uncategorized  -100.00 DKK

2024-06-17 * "Trekroner Apotek" "Apotek & medicin" #spiir
  spiir-id: "638542954633307905"
  Assets:Checking:Primary  -278.30 DKK
  Expenses:Health:Pharmacy  278.30 DKK

2024-06-17 * "MobilePay Tina Madsen" "" #spiir
  spiir-id: "638542954633307906"
  Assets:Checking:Primary  -300.00 DKK
  Expenses:Uncategorized  300.00 DKK

2024-06-17 * "Netto Gl. Køge Lan" "Dagligvarer" #spiir
  spiir-id: "638542956366141030"
  Assets:Checking:Dagligvarer  -81.20 DKK
  Expenses:Food:Groceries  81.20 DKK

2024-06-18 * "MobilePay Hugh's baby gift fund" "" #spiir
  spiir-id: "638542954633307902"
  Assets:Checking:Primary  -50.00 DKK
  Expenses:Uncategorized  50.00 DKK

2024-06-18 * "Fit Direct Dk Odense" "Dagligvarer" #spiir
  spiir-id: "638542954633307903"
  Assets:Checking:Primary  -527.00 DKK
  Expenses:Food:Groceries  527.00 DKK

2024-06-18 * "MobilePay Rikke Freisleben Sommerlu" "" #spiir
  spiir-id: "638543767509052284"
  Assets:Checking:Primary  -196.00 DKK
  Expenses:Uncategorized  196.00 DKK

2024-06-18 * "Coop365 Valby Lang" "Dagligvarer" #spiir
  spiir-id: "638543769128027331"
  Assets:Checking:Dagligvarer  -357.90 DKK
  Expenses:Food:Groceries  357.90 DKK

2024-06-19 * "Spotify" "Film, musik & læsestof" #spiir
  spiir-id: "638543769128027330"
  Assets:Checking:Dagligvarer  -149.00 DKK
  Expenses:Entertainment:Media  149.00 DKK

2024-06-20 * "Itunes.Com" "Online services & software" #spiir
  spiir-id: "638544636106580536"
  Assets:Checking:Dagligvarer  -89.00 DKK
  Expenses:Subscriptions:Software  89.00 DKK

2024-06-20 * "AMZN Mktp DE" "Andet privatforbrug" #spiir
  spiir-id: "638544636106580537"
  Assets:Checking:Dagligvarer  -897.89 DKK
  Expenses:Shopping:Other  897.89 DKK

2024-06-20 * "Fra Lee Ann Hollesen" "Dagligvarer" #spiir
  spiir-id: "638545536241166612"
  Assets:Checking:Dagligvarer  1000.00 DKK
  Expenses:Food:Groceries  -1000.00 DKK

2024-06-24 * "MobilePay DOT APP" "Bus, tog, færge o.l." #spiir
  spiir-id: "638548108282611768"
  Assets:Checking:Primary  -24.00 DKK
  Expenses:Transport:Public  24.00 DKK

2024-06-24 * "Netto Hvidovrevej" "Dagligvarer" #spiir
  spiir-id: "638548109842617782"
  Assets:Checking:Dagligvarer  -178.80 DKK
  Expenses:Food:Groceries  178.80 DKK

2024-06-24 * "REMA 1000 Frb" "Dagligvarer" #spiir
  spiir-id: "638548109842617783"
  Assets:Checking:Dagligvarer  -505.55 DKK
  Expenses:Food:Groceries  505.55 DKK

2024-06-24 * "Coffee Collective" "Bar, cafe & restaurant" #spiir
  spiir-id: "638548109842617784"
  Assets:Checking:Dagligvarer  -76.00 DKK
  Expenses:Food:Restaurant  76.00 DKK

2024-06-24 * "Sp Kodhuset.Dk Smrum" "Kiosk, bager & specialbutikker" #spiir
  spiir-id: "638548109842617785"
  Assets:Checking:Dagligvarer  -627.55 DKK
  Expenses:Food:Kiosk  627.55 DKK

2024-06-24 * "Cykelpartner.dk Ap" "Anden transport" #spiir
  spiir-id: "638548956197520883"
  Assets:Checking:Dagligvarer  -354.00 DKK
  Expenses:Transport:Other  354.00 DKK

2024-06-24 * "Coop Kvickly Stran" "Dagligvarer" #spiir
  spiir-id: "638548956197520884"
  Assets:Checking:Dagligvarer  -16.00 DKK
  Expenses:Food:Groceries  16.00 DKK

2024-06-24 * "Coop Kvickly Stran" "Dagligvarer" #spiir
  spiir-id: "638548956197520885"
  Assets:Checking:Dagligvarer  -564.45 DKK
  Expenses:Food:Groceries  564.45 DKK

2024-06-24 * "Coop365Str.lodsvej" "Dagligvarer" #spiir
  spiir-id: "638548956197520886"
  Assets:Checking:Dagligvarer  -77.35 DKK
  Expenses:Food:Groceries  77.35 DKK

2024-06-24 * "Ume Asian Supermar" "Dagligvarer" #spiir
  spiir-id: "638548956197520887"
  Assets:Checking:Dagligvarer  -121.20 DKK
  Expenses:Food:Groceries  121.20 DKK

2024-06-24 * "Coop365Str.lodsvej" "Dagligvarer" #spiir
  spiir-id: "638548956197520888"
  Assets:Checking:Dagligvarer  -10.95 DKK
  Expenses:Food:Groceries  10.95 DKK

2024-06-24 * "Coop Kvickly Stran" "Dagligvarer" #spiir
  spiir-id: "638548956197520889"
  Assets:Checking:Dagligvarer  55.00 DKK
  Expenses:Food:Groceries  -55.00 DKK

2024-06-25 * "MobilePay Orion Shanti Dalsgaard Ma" "" #spiir
  spiir-id: "638548954452968784"
  Assets:Checking:Primary  1000.00 DKK
  Expenses:Uncategorized  -1000.00 DKK

2024-06-25 * "R-Bakery Hvidovre" "Kiosk, bager & specialbutikker" #spiir
  spiir-id: "638548954452968785"
  Assets:Checking:Primary  -40.00 DKK
  Expenses:Food:Kiosk  40.00 DKK

2024-06-25 * "Det lille ismejeri Kobenhavn" "Bar, cafe & restaurant" #spiir
  spiir-id: "638548956197364589"
  Assets:Checking:Dagligvarer  -65.00 DKK
  Expenses:Food:Restaurant  65.00 DKK

2024-06-25 * "EasyPark A/S easypark.dk" "Parkering" #spiir
  spiir-id: "638548956197364590"
  Assets:Checking:Dagligvarer  -8.50 DKK
  Expenses:Car:Parking  8.50 DKK

2024-06-25 * "NBH Jaegersborggade ApS Koebenh" "Bar, cafe & restaurant" #spiir
  spiir-id: "638548956197364591"
  Assets:Checking:Dagligvarer  -58.00 DKK
  Expenses:Food:Restaurant  58.00 DKK

2024-06-25 * "MobilePay DOT APP" "Bus, tog, færge o.l." #spiir
  spiir-id: "638549859574342812"
  Assets:Checking:Primary  -40.00 DKK
  Expenses:Transport:Public  40.00 DKK

2024-06-26 * "Fresto Copenhagen" "Bar, cafe & restaurant" #spiir
  spiir-id: "638549861313169748"
  Assets:Checking:Dagligvarer  -1.00 DKK
  Expenses:Food:Restaurant  1.00 DKK

2024-06-26 * "Amager Strand Apotek Koebenhavn S" "Apotek & medicin" #spiir
  spiir-id: "638549861313169749"
  Assets:Checking:Dagligvarer  -69.95 DKK
  Expenses:Health:Pharmacy  69.95 DKK

2024-06-26 * "Kft Jylland-Kbh Koebenhavn V" "Dagligvarer" #spiir
  spiir-id: "638549861313169750"
  Assets:Checking:Dagligvarer  -232.72 DKK
  Expenses:Food:Groceries  232.72 DKK

2024-06-26 * "Børneloppen Valby" "Babyudstyr" #spiir
  spiir-id: "638549861313169751"
  Assets:Checking:Dagligvarer  -397.50 DKK
  Expenses:Kids:Baby  397.50 DKK

2024-06-26 * "Til Dagligvarer" "Kontooverførsel" #spiir
  spiir-id: "638550725164789221"
  Assets:Checking:Primary  -2000.00 DKK
  Assets:Transfer  2000.00 DKK

2024-06-26 * "Lidl" "Dagligvarer" #spiir
  spiir-id: "638550727074044442"
  Assets:Checking:Dagligvarer  -387.00 DKK
  Expenses:Food:Groceries  387.00 DKK

2024-06-26 * "Til Dagligvarer" "Kontooverførsel" #spiir
  spiir-id: "638550727074044443"
  Assets:Checking:Dagligvarer  2000.00 DKK
  Assets:Transfer  -2000.00 DKK

2024-06-26 * "Fra Lee Ann Hollesen" "Dagligvarer" #spiir
  spiir-id: "638550727074044444"
  Assets:Checking:Dagligvarer  1000.00 DKK
  Expenses:Food:Groceries  -1000.00 DKK

2024-06-26 * "MobilePay" "" #spiir
  spiir-id: "638550727074044445"
  Assets:Checking:Dagligvarer  -7.00 DKK
  Expenses:Uncategorized  7.00 DKK

2024-06-26 * "MobilePay" "" #spiir
  spiir-id: "638550727074044446"
  Assets:Checking:Dagligvarer  -24.40 DKK
  Expenses:Uncategorized  24.40 DKK

2024-06-27 * "ISBAR Kobenhavn K" "Kiosk, bager & specialbutikker" #spiir
  spiir-id: "638550727074044441"
  Assets:Checking:Dagligvarer  -55.00 DKK
  Expenses:Food:Kiosk  55.00 DKK

2024-06-28 * "Huslån - PRM" "Kontooverførsel" #spiir
  spiir-id: "638551543519731381"
  Assets:Checking:Primary  -8947.08 DKK
  Assets:Transfer  8947.08 DKK

2024-06-28 * "Nedbetaling huslån - PRM" "Kontooverførsel" #spiir
  spiir-id: "638551543519731382"
  Assets:Checking:Primary  -8947.08 DKK
  Assets:Transfer  8947.08 DKK

2024-06-28 * "Rejsekort - DSB" "Bus, tog, færge o.l." #spiir
  spiir-id: "638551543519731383"
  Assets:Checking:Primary  -300.00 DKK
  Expenses:Transport:Public  300.00 DKK

2024-06-28 * "Huslån - LAH" "Kontooverførsel" #spiir
  spiir-id: "638551544600689322"
  Assets:Checking:Fixed  8947.08 DKK
  Assets:Transfer  -8947.08 DKK

2024-06-28 * "Huslån - PRM" "Kontooverførsel" #spiir
  spiir-id: "638551544600689323"
  Assets:Checking:Fixed  8947.08 DKK
  Assets:Transfer  -8947.08 DKK

2024-06-28 * "Realkredit Danmark" "Boliglån/husleje" #spiir
  spiir-id: "638551544600689324"
  Assets:Checking:Fixed  -17866.03 DKK
  Expenses:House:Mortgage  17866.03 DKK

2024-06-28 * "Treasurehun" "Spil & legetøj" #spiir
  spiir-id: "638551545469611901"
  Assets:Checking:Dagligvarer  -1.00 DKK
  Expenses:Kids:Toys  1.00 DKK

2024-06-28 * "Rondo ApS" "Kiosk, bager & specialbutikker" #spiir
  spiir-id: "638551545469611902"
  Assets:Checking:Dagligvarer  -22.00 DKK
  Expenses:Food:Kiosk  22.00 DKK

2024-06-28 * "Saxo Bank ASK" "Værdipapirshandel" #spiir
  spiir-id: "638552417054654025"
  Assets:Checking:Primary  -33501.00 DKK
  Assets:Savings:Investments  33501.00 DKK

2024-06-28 * "Saxo Bank ASK" "Værdipapirshandel" #spiir
  spiir-id: "638552417054654026"
  Assets:Checking:Primary  -729.46 DKK
  Assets:Savings:Investments  729.46 DKK

2024-06-28 * "Dagli Brugsen" "Dagligvarer" #spiir
  spiir-id: "638552418893283184"
  Assets:Checking:Dagligvarer  -70.20 DKK
  Expenses:Food:Groceries  70.20 DKK

2024-07-01 * "Lønoverførsel" "Løn" #spiir
  spiir-id: "638551543519731380"
  Assets:Checking:Primary  63984.00 DKK
  Income:Salary  -63984.00 DKK

2024-07-01 * "Saxo Bank ASK" "Værdipapirshandel" #spiir
  spiir-id: "638554233603642641"
  Assets:Checking:Primary  -27000.00 DKK
  Assets:Savings:Investments  27000.00 DKK

2024-07-01 * "Tandforsikring - PRM" "Kontooverførsel" #spiir
  spiir-id: "638554233603642642"
  Assets:Checking:Primary  -60.00 DKK
  Assets:Transfer  60.00 DKK

2024-07-01 * "Spotify" "Kontooverførsel" #spiir
  spiir-id: "638554233603642643"
  Assets:Checking:Primary  -97.00 DKK
  Assets:Transfer  97.00 DKK

2024-07-01 * "Bilforsikr, afgift - PRM" "Kontooverførsel" #spiir
  spiir-id: "638554233603642644"
  Assets:Checking:Primary  -250.00 DKK
  Assets:Transfer  250.00 DKK

2024-07-01 * "Hus, indboforsikr - PRM" "Kontooverførsel" #spiir
  spiir-id: "638554233603642645"
  Assets:Checking:Primary  -347.00 DKK
  Assets:Transfer  347.00 DKK

2024-07-01 * "El, vand og varme - PRM" "Kontooverførsel" #spiir
  spiir-id: "638554233603642646"
  Assets:Checking:Primary  -1084.00 DKK
  Assets:Transfer  1084.00 DKK

2024-07-01 * "Ejendommensskat - PRM" "Kontooverførsel" #spiir
  spiir-id: "638554233603642647"
  Assets:Checking:Primary  -1224.50 DKK
  Assets:Transfer  1224.50 DKK

2024-07-01 * "Vuggestue - PRM" "Kontooverførsel" #spiir
  spiir-id: "638554233603642648"
  Assets:Checking:Primary  -2010.50 DKK
  Assets:Transfer  2010.50 DKK

2024-07-01 * "Dagligvarer - PRM" "Kontooverførsel" #spiir
  spiir-id: "638554233603642649"
  Assets:Checking:Primary  -3500.00 DKK
  Assets:Transfer  3500.00 DKK

2024-07-01 * "iCloud Fastefæll.udgifte" "Kontooverførsel" #spiir
  spiir-id: "638554233603642650"
  Assets:Checking:Primary  69.00 DKK
  Assets:Transfer  -69.00 DKK

2024-07-01 * "3 Danmark Koebenhavn SV" "Telefoni & internet" #spiir
  spiir-id: "638554233603642651"
  Assets:Checking:Primary  -160.00 DKK
  Expenses:Subscriptions:Telecom  160.00 DKK

2024-07-01 * "Transfer" "" #spiir
  spiir-id: "638554233603642652"
  Assets:Checking:Primary  28000.00 DKK
  Expenses:Uncategorized  -28000.00 DKK

2024-07-01 * "Tandforsikring - LAH" "Kontooverførsel" #spiir
  spiir-id: "638554234691266510"
  Assets:Checking:Fixed  60.00 DKK
  Assets:Transfer  -60.00 DKK

2024-07-01 * "Spotify" "Kontooverførsel" #spiir
  spiir-id: "638554234691266511"
  Assets:Checking:Fixed  97.00 DKK
  Assets:Transfer  -97.00 DKK

2024-07-01 * "Bilforsikr, afgift - LAH" "Kontooverførsel" #spiir
  spiir-id: "638554234691422797"
  Assets:Checking:Fixed  250.00 DKK
  Assets:Transfer  -250.00 DKK

2024-07-01 * "Hus, indboforsikr - LAH" "Kontooverførsel" #spiir
  spiir-id: "638554234691422798"
  Assets:Checking:Fixed  347.00 DKK
  Assets:Transfer  -347.00 DKK

2024-07-01 * "El, vand og varme - LAH" "Kontooverførsel" #spiir
  spiir-id: "638554234691422799"
  Assets:Checking:Fixed  1084.00 DKK
  Assets:Transfer  -1084.00 DKK

2024-07-01 * "Ejendomsskat - LAH" "Kontooverførsel" #spiir
  spiir-id: "638554234691422800"
  Assets:Checking:Fixed  1224.50 DKK
  Assets:Transfer  -1224.50 DKK

2024-07-01 * "Vuggestue - LAH" "Kontooverførsel" #spiir
  spiir-id: "638554234691422801"
  Assets:Checking:Fixed  2010.50 DKK
  Assets:Transfer  -2010.50 DKK

2024-07-01 * "Tandforsikring - PRM" "Sundheds- & sygeforsikring" #spiir
  spiir-id: "638554234691422802"
  Assets:Checking:Fixed  60.00 DKK
  Expenses:Insurance:Health  -60.00 DKK

2024-07-01 * "Spotify" "Film, musik & læsestof" #spiir
  spiir-id: "638554234691422803"
  Assets:Checking:Fixed  97.00 DKK
  Expenses:Entertainment:Media  -97.00 DKK

2024-07-01 * "Bilforsikr, afgift - PRM" "Bilforsikring & autohjælp" #spiir
  spiir-id: "638554234691422804"
  Assets:Checking:Fixed  250.00 DKK
  Expenses:Car:Insurance  -250.00 DKK

2024-07-01 * "Hus, indboforsikr - PRM" "Husforsikring" #spiir
  spiir-id: "638554234691422805"
  Assets:Checking:Fixed  347.00 DKK
  Expenses:House:Insurance  -347.00 DKK

2024-07-01 * "El, vand og varme - PRM" "El, vand, varme & renovation" #spiir
  spiir-id: "638554234691422806"
  Assets:Checking:Fixed  1084.00 DKK
  Expenses:House:Heating  -1084.00 DKK

2024-07-01 * "Ejendommensskat - PRM" "Ejendomsskat" #spiir
  spiir-id: "638554234691422807"
  Assets:Checking:Fixed  1224.50 DKK
  Expenses:House:Tax  -1224.50 DKK

2024-07-01 * "Vuggestue - PRM" "Institution" #spiir
  spiir-id: "638554234691422808"
  Assets:Checking:Fixed  2010.50 DKK
  Expenses:Kids:Institution  -2010.50 DKK

2024-07-01 * "iCloud" "Kontooverførsel" #spiir
  spiir-id: "638554234691422809"
  Assets:Checking:Fixed  -69.00 DKK
  Assets:Transfer  69.00 DKK

2024-07-01 * "Tryg" "Indbo- & familieforsikring" #spiir
  spiir-id: "638554234691422810"
  Assets:Checking:Fixed  -389.64 DKK
  Expenses:House:Contents-Insurance  389.64 DKK

2024-07-01 * "Ok A.M.B.A" "Brændstof" #spiir
  spiir-id: "638554234691422811"
  Assets:Checking:Fixed  -438.75 DKK
  Expenses:Car:Gas  438.75 DKK

2024-07-01 * "Nettopower ApS" "El, vand, varme & renovation" #spiir
  spiir-id: "638554234691422812"
  Assets:Checking:Fixed  -2392.31 DKK
  Expenses:House:Heating  2392.31 DKK

2024-07-01 * "Harrestrup Villakvarter" "" #spiir
  spiir-id: "638554234691422813"
  Assets:Checking:Fixed  -200.00 DKK
  Expenses:Uncategorized  200.00 DKK

2024-07-01 * "Fællesudgifter" "Kontooverførsel" #spiir
  spiir-id: "638554235659090054"
  Assets:Checking:Dagligvarer  3500.00 DKK
  Assets:Transfer  -3500.00 DKK

2024-07-01 * "Dagligvarer - PRM" "Dagligvarer" #spiir
  spiir-id: "638554235659090055"
  Assets:Checking:Dagligvarer  3500.00 DKK
  Expenses:Food:Groceries  -3500.00 DKK

2024-07-01 * "Netto Hvidovrevej" "Dagligvarer" #spiir
  spiir-id: "638554235659090056"
  Assets:Checking:Dagligvarer  -48.70 DKK
  Expenses:Food:Groceries  48.70 DKK

2024-07-01 * "Lidl" "Dagligvarer" #spiir
  spiir-id: "638554235659090057"
  Assets:Checking:Dagligvarer  -19.95 DKK
  Expenses:Food:Groceries  19.95 DKK

2024-07-01 * "Lidl" "Dagligvarer" #spiir
  spiir-id: "638554235659090058"
  Assets:Checking:Dagligvarer  -97.20 DKK
  Expenses:Food:Groceries  97.20 DKK

2024-07-01 * "Lidl" "Dagligvarer" #spiir
  spiir-id: "638554235659090059"
  Assets:Checking:Dagligvarer  -71.20 DKK
  Expenses:Food:Groceries  71.20 DKK

2024-07-01 * "Lidl" "Dagligvarer" #spiir
  spiir-id: "638554235659090060"
  Assets:Checking:Dagligvarer  -265.75 DKK
  Expenses:Food:Groceries  265.75 DKK

2024-07-01 * "Handshake Erhvervs" "Foreninger & kontingenter" #spiir
  spiir-id: "638554235659090061"
  Assets:Checking:Dagligvarer  -35.00 DKK
  Expenses:Subscriptions:Memberships  35.00 DKK

2024-07-01 * "Handshake Erhvervs" "Foreninger & kontingenter" #spiir
  spiir-id: "638554235659090062"
  Assets:Checking:Dagligvarer  -40.00 DKK
  Expenses:Subscriptions:Memberships  40.00 DKK

2024-07-01 * "hiper.dk" "Telefoni & internet" #spiir
  spiir-id: "638555141763859841"
  Assets:Checking:Primary  -319.00 DKK
  Expenses:Subscriptions:Telecom  319.00 DKK

2024-07-01 * "Spar Wandallsvej" "Dagligvarer" #spiir
  spiir-id: "638555143548417985"
  Assets:Checking:Dagligvarer  -54.00 DKK
  Expenses:Food:Groceries  54.00 DKK

2024-07-02 * "R-Bakery Hvidovre" "Kiosk, bager & specialbutikker" #spiir
  spiir-id: "638555141763703620"
  Assets:Checking:Primary  -64.00 DKK
  Expenses:Food:Kiosk  64.00 DKK

2024-07-02 * "Return unplaceable pmt" "Anden indkomst" #spiir
  spiir-id: "638555141763859840"
  Assets:Checking:Primary  33501.00 DKK
  Income:Other  -33501.00 DKK

2024-07-02 * "PAY*Din Super Center Valby" "Dagligvarer" #spiir
  spiir-id: "638555143548417983"
  Assets:Checking:Dagligvarer  -10.00 DKK
  Expenses:Food:Groceries  10.00 DKK

2024-07-02 * "R-Bakery Hvidovre" "Kiosk, bager & specialbutikker" #spiir
  spiir-id: "638555143548417984"
  Assets:Checking:Dagligvarer  -64.00 DKK
  Expenses:Food:Kiosk  64.00 DKK

2024-07-02 * "MobilePay DOT APP" "Bus, tog, færge o.l." #spiir
  spiir-id: "638556030138913567"
  Assets:Checking:Primary  -24.00 DKK
  Expenses:Transport:Public  24.00 DKK

2024-07-02 * "MobilePay Ella Hollesen Schefe" "" #spiir
  spiir-id: "638556032181426791"
  Assets:Checking:Dagligvarer  -150.00 DKK
  Expenses:Uncategorized  150.00 DKK

2024-07-03 * "MobilePay DOT APP" "Bus, tog, færge o.l." #spiir
  spiir-id: "638556030138757348"
  Assets:Checking:Primary  -24.00 DKK
  Expenses:Transport:Public  24.00 DKK

2024-07-03 * "Return unplaceable pmt" "Anden indkomst" #spiir
  spiir-id: "638556030138913566"
  Assets:Checking:Primary  27000.00 DKK
  Income:Other  -27000.00 DKK

2024-07-03 * "Brobizz.Com Kopenhavn V" "Bus, tog, færge o.l." #spiir
  spiir-id: "638556032181426790"
  Assets:Checking:Dagligvarer  -196.00 DKK
  Expenses:Transport:Public  196.00 DKK

2024-07-04 * "MobilePay Kantinen hos Bryggen 39 (" "Kantine- & frokostordning" #spiir
  spiir-id: "638556886191156483"
  Assets:Checking:Primary  -30.00 DKK
  Expenses:Food:Canteen  30.00 DKK

2024-07-05 * "Nordnet Aktiedepot" "Værdipapirshandel" #spiir
  spiir-id: "638557659361639344"
  Assets:Checking:Primary  -27000.00 DKK
  Assets:Savings:Investments  27000.00 DKK

2024-07-05 * "Hvidovre kommune" "Institution" #spiir
  spiir-id: "638557660242899138"
  Assets:Checking:Fixed  -2210.00 DKK
  Expenses:Kids:Institution  2210.00 DKK

2024-07-07 * "MobilePay Pernille Bøvling Livbjerg" "" #spiir
  spiir-id: "638560211823183600"
  Assets:Checking:Primary  -467.00 DKK
  Expenses:Uncategorized  467.00 DKK

2024-07-08 * "Akademikernes" "Fagforening & a-kasse" #spiir
  spiir-id: "638560211823183599"
  Assets:Checking:Primary  -1545.68 DKK
  Expenses:Insurance:Union  1545.68 DKK

2024-07-08 * "Hvidovre kommune" "Institution" #spiir
  spiir-id: "638560212847884706"
  Assets:Checking:Fixed  -5716.50 DKK
  Expenses:Kids:Institution  5716.50 DKK

2024-07-08 * "MobilePay EASY PARK A/S" "Parkering" #spiir
  spiir-id: "638560213731021434"
  Assets:Checking:Dagligvarer  -46.54 DKK
  Expenses:Car:Parking  46.54 DKK

2024-07-08 * "Kvickly Hvidovre" "Dagligvarer" #spiir
  spiir-id: "638560213731021435"
  Assets:Checking:Dagligvarer  -236.80 DKK
  Expenses:Food:Groceries  236.80 DKK

2024-07-08 * "REMA 1000 Valby M" "Dagligvarer" #spiir
  spiir-id: "638560213731021436"
  Assets:Checking:Dagligvarer  -117.95 DKK
  Expenses:Food:Groceries  117.95 DKK

2024-07-08 * "Dsb App" "Bus, tog, færge o.l." #spiir
  spiir-id: "638561129032657791"
  Assets:Checking:Primary  -22.60 DKK
  Expenses:Transport:Public  22.60 DKK

2024-07-08 * "Akademikernes" "Fagforening & a-kasse" #spiir
  spiir-id: "638561129032657792"
  Assets:Checking:Primary  -1452.00 DKK
  Expenses:Insurance:Union  1452.00 DKK

2024-07-09 * "AirBnB" "Kontooverførsel" #spiir
  spiir-id: "638561129032657788"
  Assets:Checking:Primary  -9961.00 DKK
  Assets:Transfer  9961.00 DKK

2024-07-09 * "R-Bakery Hvidovre" "Kiosk, bager & specialbutikker" #spiir
  spiir-id: "638561129032657789"
  Assets:Checking:Primary  -65.00 DKK
  Expenses:Food:Kiosk  65.00 DKK

2024-07-09 * "Transfer" "" #spiir
  spiir-id: "638561129032657790"
  Assets:Checking:Primary  9961.87 DKK
  Expenses:Uncategorized  -9961.87 DKK

2024-07-09 * "AirBnB" "Kontooverførsel" #spiir
  spiir-id: "638561131074886051"
  Assets:Checking:Dagligvarer  9961.00 DKK
  Assets:Transfer  -9961.00 DKK

2024-07-09 * "Brobizz.Com Kopenhavn V" "Bus, tog, færge o.l." #spiir
  spiir-id: "638561131074886052"
  Assets:Checking:Dagligvarer  -196.00 DKK
  Expenses:Transport:Public  196.00 DKK

2024-07-09 * "Koebenhavn v" "Bar, cafe & restaurant" #spiir
  spiir-id: "638561131074886053"
  Assets:Checking:Dagligvarer  -385.00 DKK
  Expenses:Food:Restaurant  385.00 DKK

2024-07-09 * "Lagkagehuset" "Kiosk, bager & specialbutikker" #spiir
  spiir-id: "638561131074886054"
  Assets:Checking:Dagligvarer  -134.85 DKK
  Expenses:Food:Kiosk  134.85 DKK

2024-07-09 * "Gebr. Heinemann" "Bar, cafe & restaurant" #spiir
  spiir-id: "638561131074886055"
  Assets:Checking:Dagligvarer  -89.00 DKK
  Expenses:Food:Restaurant  89.00 DKK

2024-07-10 * "EXPRESS Gdansk" "Billeje" #spiir
  spiir-id: "638562054903317969"
  Assets:Checking:Primary  -3791.18 DKK
  Expenses:Travel:Car-Rental  3791.18 DKK

2024-07-10 * "Dona Aneta Cywins15111 Gdansk" "Tobak & alkohol" #spiir
  spiir-id: "638562054903474199"
  Assets:Checking:Primary  -11.44 DKK
  Expenses:Food:Alcohol  11.44 DKK

2024-07-10 * "ROSSMANN 01 Gdansk" "Frisør & personlig pleje" #spiir
  spiir-id: "638562056695750386"
  Assets:Checking:Dagligvarer  -173.70 DKK
  Expenses:Shopping:Personal-Care  173.70 DKK

2024-07-10 * "Espresso house 7188 Kastrup" "Bar, cafe & restaurant" #spiir
  spiir-id: "638562056695750387"
  Assets:Checking:Dagligvarer  -76.00 DKK
  Expenses:Food:Restaurant  76.00 DKK

2024-07-10 * "Sas Ground Kastrup" "Ferieaktiviteter" #spiir
  spiir-id: "638562056695750388"
  Assets:Checking:Dagligvarer  -40.00 DKK
  Expenses:Travel:Activities  40.00 DKK

2024-07-10 * "Capri Boguslaw Wozniak Gdansk" "Fastfood & takeaway" #spiir
  spiir-id: "638562056695750389"
  Assets:Checking:Dagligvarer  -22.88 DKK
  Expenses:Food:Takeaway  22.88 DKK

2024-07-10 * "VERY BUBBLE GALER32444 Gdansk" "Bar, cafe & restaurant" #spiir
  spiir-id: "638562056695750390"
  Assets:Checking:Dagligvarer  -44.00 DKK
  Expenses:Food:Restaurant  44.00 DKK

2024-07-11 * "Transfer" "" #spiir
  spiir-id: "638562890635613838"
  Assets:Checking:Primary  4619.98 DKK
  Expenses:Uncategorized  -4619.98 DKK

2024-07-11 * "Nowydworwarszawska Nowy Dw" "" #spiir
  spiir-id: "638562892498988699"
  Assets:Checking:Dagligvarer  -54.79 DKK
  Expenses:Uncategorized  54.79 DKK

2024-07-11 * "Balans Gdansk" "Bar, cafe & restaurant" #spiir
  spiir-id: "638562892498988700"
  Assets:Checking:Dagligvarer  -84.83 DKK
  Expenses:Food:Restaurant  84.83 DKK

2024-07-11 * "Shell Nowy Dwor Gda" "Brændstof" #spiir
  spiir-id: "638562892498988701"
  Assets:Checking:Dagligvarer  -607.67 DKK
  Expenses:Car:Gas  607.67 DKK

2024-07-11 * "Mikol Spolka Cywilna Kruklanki" "Kiosk, bager & specialbutikker" #spiir
  spiir-id: "638562892498988702"
  Assets:Checking:Dagligvarer  -39.77 DKK
  Expenses:Food:Kiosk  39.77 DKK

2024-07-11 * "V25 Carrefour Express Gdansk" "Dagligvarer" #spiir
  spiir-id: "638562892498988703"
  Assets:Checking:Dagligvarer  -90.28 DKK
  Expenses:Food:Groceries  90.28 DKK

2024-07-11 * "Kik Textil Sp. Z O.O. Nowy Dwor G" "Tøj, sko & accessories" #spiir
  spiir-id: "638562892498988704"
  Assets:Checking:Dagligvarer  -318.12 DKK
  Expenses:Shopping:Clothing  318.12 DKK

2024-07-12 * "Kaufland Mragowo" "Dagligvarer" #spiir
  spiir-id: "638563764036557083"
  Assets:Checking:Primary  -488.88 DKK
  Expenses:Food:Groceries  488.88 DKK

2024-07-12 * "Lapa Niedzwiedzia41240 Mragowo" "Bar, cafe & restaurant" #spiir
  spiir-id: "638563765739861545"
  Assets:Checking:Dagligvarer  -45.91 DKK
  Expenses:Food:Restaurant  45.91 DKK

2024-07-12 * "Nowy Sztynort Sp.63708 Wegorzewo" "" #spiir
  spiir-id: "638563765739861546"
  Assets:Checking:Dagligvarer  -115.27 DKK
  Expenses:Uncategorized  115.27 DKK

2024-07-12 * "Sklep BAJKA Mragowo" "Spil & legetøj" #spiir
  spiir-id: "638563765739861547"
  Assets:Checking:Dagligvarer  -106.82 DKK
  Expenses:Kids:Toys  106.82 DKK

2024-07-12 * "Lapa Niedzwiedzia41240 Mragowo" "Bar, cafe & restaurant" #spiir
  spiir-id: "638563765739861548"
  Assets:Checking:Dagligvarer  -88.28 DKK
  Expenses:Food:Restaurant  88.28 DKK

2024-07-12 * "Lapa Niedzwiedzia41240 Mragowo" "Bar, cafe & restaurant" #spiir
  spiir-id: "638563765739861549"
  Assets:Checking:Dagligvarer  -31.78 DKK
  Expenses:Food:Restaurant  31.78 DKK

2024-07-12 * "Mikol Spolka Cywilna Kruklanki" "Kiosk, bager & specialbutikker" #spiir
  spiir-id: "638563765739861550"
  Assets:Checking:Dagligvarer  -13.25 DKK
  Expenses:Food:Kiosk  13.25 DKK

2024-07-15 * "1.50% af DKK -103.04 - Udl. kortbet" "" #spiir
  spiir-id: "638566352848965227"
  Assets:Checking:Primary  -1.55 DKK
  Expenses:Uncategorized  1.55 DKK

2024-07-15 * "Audible*RY4J940S1 Amzn.com/bill" "" #spiir
  spiir-id: "638566352848965228"
  Assets:Checking:Primary  -103.04 DKK
  Expenses:Uncategorized  103.04 DKK

2024-07-16 * "Jmp S.A. Biedronka 3935 Grudzia" "Dagligvarer" #spiir
  spiir-id: "638567218199497711"
  Assets:Checking:Dagligvarer  -20.00 DKK
  Expenses:Food:Groceries  20.00 DKK

2024-07-16 * "Google Nest g.co/helppayÆ" "Alarmsystem" #spiir
  spiir-id: "638567218199497712"
  Assets:Checking:Dagligvarer  -40.00 DKK
  Expenses:House:Alarm  40.00 DKK

2024-07-16 * "Apcoa P And C 2 Warszawa" "Parkering" #spiir
  spiir-id: "638567218199497713"
  Assets:Checking:Dagligvarer  -5.33 DKK
  Expenses:Car:Parking  5.33 DKK

2024-07-16 * "Portova Resto Bar Le 01 Leba" "Bar, cafe & restaurant" #spiir
  spiir-id: "638567218199497714"
  Assets:Checking:Dagligvarer  -366.88 DKK
  Expenses:Food:Restaurant  366.88 DKK

2024-07-16 * "Lody Leba" "Dagligvarer" #spiir
  spiir-id: "638567218199497715"
  Assets:Checking:Dagligvarer  -56.71 DKK
  Expenses:Food:Groceries  56.71 DKK

2024-07-16 * "Dereszewscy S.C. 01 Leba" "" #spiir
  spiir-id: "638567218199497716"
  Assets:Checking:Dagligvarer  -85.07 DKK
  Expenses:Uncategorized  85.07 DKK

2024-07-16 * "Zabka Z9703 K.1 Koscierzyna" "Dagligvarer" #spiir
  spiir-id: "638567218199497717"
  Assets:Checking:Dagligvarer  -12.39 DKK
  Expenses:Food:Groceries  12.39 DKK

2024-07-16 * "Zabka Z9703 K.1 Koscierzyna" "Dagligvarer" #spiir
  spiir-id: "638567218199497718"
  Assets:Checking:Dagligvarer  -76.55 DKK
  Expenses:Food:Groceries  76.55 DKK

2024-07-16 * "DSB Toilet" "Bus, tog, færge o.l." #spiir
  spiir-id: "638567218199497719"
  Assets:Checking:Dagligvarer  -5.00 DKK
  Expenses:Transport:Public  5.00 DKK

2024-07-16 * "Polen parkeringsbøde" "Bøder & afgifter" #spiir
  spiir-id: "638568001371482111"
  Assets:Checking:Primary  -559.79 DKK
  Expenses:Tax:Fines  559.79 DKK

2024-07-16 * "AirBnB Jacuzzi" "Fly & Hotel" #spiir
  spiir-id: "638568001371482112"
  Assets:Checking:Primary  -928.95 DKK
  Expenses:Travel:Transport  928.95 DKK

2024-07-16 * "365discount Hvidov" "Dagligvarer" #spiir
  spiir-id: "638568003253874307"
  Assets:Checking:Dagligvarer  -255.15 DKK
  Expenses:Food:Groceries  255.15 DKK

2024-07-17 * "Lagardere Duty Free GDN Gdansk" "Kiosk, bager & specialbutikker" #spiir
  spiir-id: "638568001371482109"
  Assets:Checking:Primary  -186.44 DKK
  Expenses:Food:Kiosk  186.44 DKK

2024-07-17 * "Apple.Com/Bill" "Online services & software" #spiir
  spiir-id: "638568001371482110"
  Assets:Checking:Primary  -25.00 DKK
  Expenses:Subscriptions:Software  25.00 DKK

2024-07-17 * "Jmp S.A. Biedronka 4802 Strzebi" "Dagligvarer" #spiir
  spiir-id: "638568003253874302"
  Assets:Checking:Dagligvarer  -136.24 DKK
  Expenses:Food:Groceries  136.24 DKK

2024-07-17 * "OKTAN STACJA PALIW Strzebielino" "Brændstof" #spiir
  spiir-id: "638568003253874303"
  Assets:Checking:Dagligvarer  -69.22 DKK
  Expenses:Car:Gas  69.22 DKK

2024-07-17 * "Piekarnia Leba" "Kiosk, bager & specialbutikker" #spiir
  spiir-id: "638568003253874304"
  Assets:Checking:Dagligvarer  -228.64 DKK
  Expenses:Food:Kiosk  228.64 DKK

2024-07-17 * "Apteka Starowiejska Strzebielino" "Apotek & medicin" #spiir
  spiir-id: "638568003253874305"
  Assets:Checking:Dagligvarer  -44.27 DKK
  Expenses:Health:Pharmacy  44.27 DKK

2024-07-17 * "OKTAN STACJA PALIW Strzebielino" "Brændstof" #spiir
  spiir-id: "638568003253874306"
  Assets:Checking:Dagligvarer  -114.05 DKK
  Expenses:Car:Gas  114.05 DKK

2024-07-17 * "Netto Greve Centre" "Dagligvarer" #spiir
  spiir-id: "638568850190823517"
  Assets:Checking:Dagligvarer  -105.75 DKK
  Expenses:Food:Groceries  105.75 DKK

2024-07-17 * "Kørsel til kajaktur" "" #spiir
  spiir-id: "638568850190823518"
  Assets:Checking:Dagligvarer  1500.00 DKK
  Expenses:Uncategorized  -1500.00 DKK

2024-07-18 * "Rejsekort - DSB" "Bus, tog, færge o.l." #spiir
  spiir-id: "638568848038541486"
  Assets:Checking:Primary  -300.00 DKK
  Expenses:Transport:Public  300.00 DKK

2024-07-19 * "Børne- og Ungeydelse" "Børnepenge" #spiir
  spiir-id: "638569717333037395"
  Assets:Checking:Primary  4590.00 DKK
  Income:ChildBenefit  -4590.00 DKK

2024-07-19 * "Spotify" "Film, musik & læsestof" #spiir
  spiir-id: "638569719047464598"
  Assets:Checking:Dagligvarer  -149.00 DKK
  Expenses:Entertainment:Media  149.00 DKK

2024-07-19 * "Vestbadet" "Sport & fritid" #spiir
  spiir-id: "638570651501889778"
  Assets:Checking:Dagligvarer  -90.00 DKK
  Expenses:Entertainment:Sports  90.00 DKK

2024-07-22 * "Børnepenge - PRM" "Kontooverførsel" #spiir
  spiir-id: "638572323484939989"
  Assets:Checking:Primary  -2327.00 DKK
  Assets:Transfer  2327.00 DKK

2024-07-22 * "Dsb App" "Bus, tog, færge o.l." #spiir
  spiir-id: "638572323484939990"
  Assets:Checking:Primary  -94.00 DKK
  Expenses:Transport:Public  94.00 DKK

2024-07-22 * "1.50% af DKK -1911.09 - Udl. kortbe" "" #spiir
  spiir-id: "638572323484939991"
  Assets:Checking:Primary  -28.67 DKK
  Expenses:Uncategorized  28.67 DKK

2024-07-22 * "Trainwell (Copilot) Httpswww.Trai" "Film, musik & læsestof" #spiir
  spiir-id: "638572323484939992"
  Assets:Checking:Primary  -1911.09 DKK
  Expenses:Entertainment:Media  1911.09 DKK

2024-07-22 * "Overskydende Skat" "Overskydende skat" #spiir
  spiir-id: "638572323484939993"
  Assets:Checking:Primary  49793.00 DKK
  Income:Tax:Refund  -49793.00 DKK

2024-07-22 * "Børnepenge - LAH" "Kontooverførsel" #spiir
  spiir-id: "638572324536208396"
  Assets:Checking:Fixed  2327.00 DKK
  Assets:Transfer  -2327.00 DKK

2024-07-22 * "Børnepenge - PRM" "Børnepenge" #spiir
  spiir-id: "638572324536208397"
  Assets:Checking:Fixed  2327.00 DKK
  Income:ChildBenefit  -2327.00 DKK

2024-07-22 * "føtex Friheden" "Dagligvarer" #spiir
  spiir-id: "638572325459818518"
  Assets:Checking:Dagligvarer  -180.40 DKK
  Expenses:Food:Groceries  180.40 DKK

2024-07-22 * "Itunes.Com" "Online services & software" #spiir
  spiir-id: "638572325459818519"
  Assets:Checking:Dagligvarer  -89.00 DKK
  Expenses:Subscriptions:Software  89.00 DKK

2024-07-22 * "WWW.VISITHVEN.DK Helsingoer" "Bus, tog, færge o.l." #spiir
  spiir-id: "638572325459818520"
  Assets:Checking:Dagligvarer  -470.00 DKK
  Expenses:Transport:Public  470.00 DKK

2024-07-22 * "AMZN Mktp DE" "Andet privatforbrug" #spiir
  spiir-id: "638572325459818521"
  Assets:Checking:Dagligvarer  -1959.28 DKK
  Expenses:Shopping:Other  1959.28 DKK

2024-07-22 * "Rederi AB Ventrafiken Landskrona" "Anden transport" #spiir
  spiir-id: "638572325459818522"
  Assets:Checking:Dagligvarer  -221.75 DKK
  Expenses:Transport:Other  221.75 DKK

2024-07-22 * "føtex Greve Center" "Dagligvarer" #spiir
  spiir-id: "638572325459818523"
  Assets:Checking:Dagligvarer  -242.70 DKK
  Expenses:Food:Groceries  242.70 DKK

2024-07-23 * "Agnes Ventapas Sankt Ibb" "Fastfood & takeaway" #spiir
  spiir-id: "638573194912699916"
  Assets:Checking:Dagligvarer  -13.70 DKK
  Expenses:Food:Takeaway  13.70 DKK

2024-07-23 * "Strandcafeen Brondby Stra" "Bar, cafe & restaurant" #spiir
  spiir-id: "638573194912699917"
  Assets:Checking:Dagligvarer  -50.00 DKK
  Expenses:Food:Restaurant  50.00 DKK

2024-07-23 * "Turistbolaget Paa Ven 202 Sankt I" "Fly & Hotel" #spiir
  spiir-id: "638573194912699918"
  Assets:Checking:Dagligvarer  -26.10 DKK
  Expenses:Travel:Transport  26.10 DKK

2024-07-23 * "Turistbolaget Paa Ven 202 Sankt I" "Fly & Hotel" #spiir
  spiir-id: "638573194912699919"
  Assets:Checking:Dagligvarer  -254.44 DKK
  Expenses:Travel:Transport  254.44 DKK

2024-07-23 * "Turistbolaget Paa Ven 202 Sankt I" "Fly & Hotel" #spiir
  spiir-id: "638573194912699920"
  Assets:Checking:Dagligvarer  -46.32 DKK
  Expenses:Travel:Transport  46.32 DKK

2024-07-23 * "Mollebackens Livs Sankt Ibb" "Dagligvarer" #spiir
  spiir-id: "638573194912699921"
  Assets:Checking:Dagligvarer  -149.46 DKK
  Expenses:Food:Groceries  149.46 DKK

2024-07-23 * "City Gross Landskron Landskrona" "Dagligvarer" #spiir
  spiir-id: "638573194912699922"
  Assets:Checking:Dagligvarer  -66.83 DKK
  Expenses:Food:Groceries  66.83 DKK

2024-07-23 * "Borgeby Stenugnsbageri Bjarred" "Fastfood & takeaway" #spiir
  spiir-id: "638573194912699923"
  Assets:Checking:Dagligvarer  -155.27 DKK
  Expenses:Food:Takeaway  155.27 DKK

2024-07-23 * "Toppfalafel Landskrona Landskrona" "Fastfood & takeaway" #spiir
  spiir-id: "638573194912699924"
  Assets:Checking:Dagligvarer  -123.96 DKK
  Expenses:Food:Takeaway  123.96 DKK

2024-07-23 * "Fri BikeShop Hvido" "Anden transport" #spiir
  spiir-id: "638574116085135544"
  Assets:Checking:Dagligvarer  -138.00 DKK
  Expenses:Transport:Other  138.00 DKK

2024-07-24 * "Transfer" "" #spiir
  spiir-id: "638575039940168994"
  Assets:Checking:Primary  1900.02 DKK
  Expenses:Uncategorized  -1900.02 DKK

2024-07-24 * "Netto Gl. Køge Lan" "Dagligvarer" #spiir
  spiir-id: "638575041778635599"
  Assets:Checking:Dagligvarer  -106.65 DKK
  Expenses:Food:Groceries  106.65 DKK

2024-07-25 * "EXPRESS Gdansk" "Billeje" #spiir
  spiir-id: "638575039940168992"
  Assets:Checking:Primary  60.93 DKK
  Expenses:Travel:Car-Rental  -60.93 DKK

2024-07-25 * "R-Bakery Hvidovre" "Kiosk, bager & specialbutikker" #spiir
  spiir-id: "638575039940168993"
  Assets:Checking:Primary  -80.00 DKK
  Expenses:Food:Kiosk  80.00 DKK

2024-07-25 * "Lidl" "Dagligvarer" #spiir
  spiir-id: "638575877298595821"
  Assets:Checking:Dagligvarer  -51.15 DKK
  Expenses:Food:Groceries  51.15 DKK

2024-07-25 * "Boulders ApS" "Sport & fritid" #spiir
  spiir-id: "638575877298595822"
  Assets:Checking:Dagligvarer  -35.00 DKK
  Expenses:Entertainment:Sports  35.00 DKK

2024-07-26 * "Lidl" "Dagligvarer" #spiir
  spiir-id: "638576736119164167"
  Assets:Checking:Dagligvarer  -147.30 DKK
  Expenses:Food:Groceries  147.30 DKK

2024-07-27 * "MobilePay EASY PARK A/S" "Parkering" #spiir
  spiir-id: "638576736119164166"
  Assets:Checking:Dagligvarer  -11.60 DKK
  Expenses:Car:Parking  11.60 DKK

2024-07-29 * "Picniq" "Bar, cafe & restaurant" #spiir
  spiir-id: "638578443580677824"
  Assets:Checking:Dagligvarer  -110.00 DKK
  Expenses:Food:Restaurant  110.00 DKK

2024-07-29 * "Netto Hvidovrevej" "Dagligvarer" #spiir
  spiir-id: "638578443580677825"
  Assets:Checking:Dagligvarer  -692.05 DKK
  Expenses:Food:Groceries  692.05 DKK

2024-07-29 * "Hotelcom72883395944858 Da.Hotels" "Fly & Hotel" #spiir
  spiir-id: "638578443580677826"
  Assets:Checking:Dagligvarer  -568.28 DKK
  Expenses:Travel:Transport  568.28 DKK

2024-07-30 * "R-Bakery Hvidovre" "Kiosk, bager & specialbutikker" #spiir
  spiir-id: "638579248118179704"
  Assets:Checking:Primary  -64.00 DKK
  Expenses:Food:Kiosk  64.00 DKK

2024-07-30 * "ADNAN EYAD Valby" "Dagligvarer" #spiir
  spiir-id: "638579249969134131"
  Assets:Checking:Dagligvarer  -94.00 DKK
  Expenses:Food:Groceries  94.00 DKK

2024-07-30 * "Mazebriteco" "Online services & software" #spiir
  spiir-id: "638579249969134132"
  Assets:Checking:Dagligvarer  -7.11 DKK
  Expenses:Subscriptions:Software  7.11 DKK

2024-07-31 * "Huslån - PRM" "Kontooverførsel" #spiir
  spiir-id: "638580154095154258"
  Assets:Checking:Primary  -8947.08 DKK
  Assets:Transfer  8947.08 DKK

2024-07-31 * "Nedbetaling huslån - PRM" "Kontooverførsel" #spiir
  spiir-id: "638580154095154259"
  Assets:Checking:Primary  -8947.08 DKK
  Assets:Transfer  8947.08 DKK

2024-07-31 * "Huslån - LAH" "Kontooverførsel" #spiir
  spiir-id: "638580155153291980"
  Assets:Checking:Fixed  8947.08 DKK
  Assets:Transfer  -8947.08 DKK

2024-07-31 * "Huslån - PRM" "Kontooverførsel" #spiir
  spiir-id: "638580155153291981"
  Assets:Checking:Fixed  8947.08 DKK
  Assets:Transfer  -8947.08 DKK

2024-07-31 * "Kft Jylland-Kbh Koebenhavn V" "Dagligvarer" #spiir
  spiir-id: "638580156090725728"
  Assets:Checking:Dagligvarer  -126.35 DKK
  Expenses:Food:Groceries  126.35 DKK

2024-07-31 * "Netto Hvidovrevej" "Dagligvarer" #spiir
  spiir-id: "638580953856154075"
  Assets:Checking:Dagligvarer  -126.00 DKK
  Expenses:Food:Groceries  126.00 DKK

2024-08-01 * "Lønoverførsel" "Løn" #spiir
  spiir-id: "638580154095154260"
  Assets:Checking:Primary  39558.00 DKK
  Income:Salary  -39558.00 DKK

2024-08-01 * "Innercise-Dk.Myshopify Kobenhavn" "Sport & fritid" #spiir
  spiir-id: "638580952079556611"
  Assets:Checking:Primary  -300.00 DKK
  Expenses:Entertainment:Sports  300.00 DKK

2024-08-01 * "3 Danmark Koebenhavn SV" "Telefoni & internet" #spiir
  spiir-id: "638580952079556612"
  Assets:Checking:Primary  -160.00 DKK
  Expenses:Subscriptions:Telecom  160.00 DKK

2024-08-01 * "Tandforsikring - PRM" "Kontooverførsel" #spiir
  spiir-id: "638580952079556613"
  Assets:Checking:Primary  -60.00 DKK
  Assets:Transfer  60.00 DKK

2024-08-01 * "Spotify" "Kontooverførsel" #spiir
  spiir-id: "638580952079556614"
  Assets:Checking:Primary  -97.00 DKK
  Assets:Transfer  97.00 DKK

2024-08-01 * "Bilforsikr, afgift - PRM" "Kontooverførsel" #spiir
  spiir-id: "638580952079556615"
  Assets:Checking:Primary  -250.00 DKK
  Assets:Transfer  250.00 DKK

2024-08-01 * "Hus, indboforsikr - PRM" "Kontooverførsel" #spiir
  spiir-id: "638580952079556616"
  Assets:Checking:Primary  -347.00 DKK
  Assets:Transfer  347.00 DKK

2024-08-01 * "Ulykkesforsikring" "Kontooverførsel" #spiir
  spiir-id: "638580952079556617"
  Assets:Checking:Primary  -539.50 DKK
  Assets:Transfer  539.50 DKK

2024-08-01 * "El, vand og varme - PRM" "Kontooverførsel" #spiir
  spiir-id: "638580952079556618"
  Assets:Checking:Primary  -1084.00 DKK
  Assets:Transfer  1084.00 DKK

2024-08-01 * "Ejendommensskat - PRM" "Kontooverførsel" #spiir
  spiir-id: "638580952079556619"
  Assets:Checking:Primary  -1224.50 DKK
  Assets:Transfer  1224.50 DKK

2024-08-01 * "Vuggestue - PRM" "Kontooverførsel" #spiir
  spiir-id: "638580952079556620"
  Assets:Checking:Primary  -2010.50 DKK
  Assets:Transfer  2010.50 DKK

2024-08-01 * "Dagligvarer - PRM" "Kontooverførsel" #spiir
  spiir-id: "638580952079556621"
  Assets:Checking:Primary  -3500.00 DKK
  Assets:Transfer  3500.00 DKK

2024-08-01 * "iCloud Fastefæll.udgifte" "Kontooverførsel" #spiir
  spiir-id: "638580952079556622"
  Assets:Checking:Primary  69.00 DKK
  Assets:Transfer  -69.00 DKK

2024-08-01 * "Realkredit Danmark" "Boliglån/husleje" #spiir
  spiir-id: "638580952981905244"
  Assets:Checking:Fixed  -17569.28 DKK
  Expenses:House:Mortgage  17569.28 DKK

2024-08-01 * "Tryg" "Indbo- & familieforsikring" #spiir
  spiir-id: "638580952982061523"
  Assets:Checking:Fixed  -389.64 DKK
  Expenses:House:Contents-Insurance  389.64 DKK

2024-08-01 * "Tryg" "Indbo- & familieforsikring" #spiir
  spiir-id: "638580952982061524"
  Assets:Checking:Fixed  -568.58 DKK
  Expenses:House:Contents-Insurance  568.58 DKK

2024-08-01 * "Tryg" "Indbo- & familieforsikring" #spiir
  spiir-id: "638580952982061525"
  Assets:Checking:Fixed  -968.94 DKK
  Expenses:House:Contents-Insurance  968.94 DKK

2024-08-01 * "Tandforsikring - LAH" "Kontooverførsel" #spiir
  spiir-id: "638580952982061526"
  Assets:Checking:Fixed  60.00 DKK
  Assets:Transfer  -60.00 DKK

2024-08-01 * "Spotify" "Kontooverførsel" #spiir
  spiir-id: "638580952982061527"
  Assets:Checking:Fixed  97.00 DKK
  Assets:Transfer  -97.00 DKK

2024-08-01 * "Bilforsikr, afgift - LAH" "Kontooverførsel" #spiir
  spiir-id: "638580952982061528"
  Assets:Checking:Fixed  250.00 DKK
  Assets:Transfer  -250.00 DKK

2024-08-01 * "Hus, indboforsikr - LAH" "Kontooverførsel" #spiir
  spiir-id: "638580952982061529"
  Assets:Checking:Fixed  347.00 DKK
  Assets:Transfer  -347.00 DKK

2024-08-01 * "El, vand og varme - LAH" "Kontooverførsel" #spiir
  spiir-id: "638580952982061530"
  Assets:Checking:Fixed  1084.00 DKK
  Assets:Transfer  -1084.00 DKK

2024-08-01 * "Ejendomsskat - LAH" "Kontooverførsel" #spiir
  spiir-id: "638580952982061531"
  Assets:Checking:Fixed  1224.50 DKK
  Assets:Transfer  -1224.50 DKK

2024-08-01 * "Vuggestue - LAH" "Kontooverførsel" #spiir
  spiir-id: "638580952982061532"
  Assets:Checking:Fixed  2010.50 DKK
  Assets:Transfer  -2010.50 DKK

2024-08-01 * "Tandforsikring - PRM" "Sundheds- & sygeforsikring" #spiir
  spiir-id: "638580952982061533"
  Assets:Checking:Fixed  60.00 DKK
  Expenses:Insurance:Health  -60.00 DKK

2024-08-01 * "Spotify" "Film, musik & læsestof" #spiir
  spiir-id: "638580952982061534"
  Assets:Checking:Fixed  97.00 DKK
  Expenses:Entertainment:Media  -97.00 DKK

2024-08-01 * "Bilforsikr, afgift - PRM" "Bilforsikring & autohjælp" #spiir
  spiir-id: "638580952982061535"
  Assets:Checking:Fixed  250.00 DKK
  Expenses:Car:Insurance  -250.00 DKK

2024-08-01 * "Hus, indboforsikr - PRM" "Husforsikring" #spiir
  spiir-id: "638580952982061536"
  Assets:Checking:Fixed  347.00 DKK
  Expenses:House:Insurance  -347.00 DKK

2024-08-01 * "Ulykkesforsikring - PRM" "Kontooverførsel" #spiir
  spiir-id: "638580952982061537"
  Assets:Checking:Fixed  539.50 DKK
  Assets:Transfer  -539.50 DKK

2024-08-01 * "El, vand og varme - PRM" "El, vand, varme & renovation" #spiir
  spiir-id: "638580952982061538"
  Assets:Checking:Fixed  1084.00 DKK
  Expenses:House:Heating  -1084.00 DKK

2024-08-01 * "Ejendommensskat - PRM" "Ejendomsskat" #spiir
  spiir-id: "638580952982061539"
  Assets:Checking:Fixed  1224.50 DKK
  Expenses:House:Tax  -1224.50 DKK

2024-08-01 * "Vuggestue - PRM" "Institution" #spiir
  spiir-id: "638580952982061540"
  Assets:Checking:Fixed  2010.50 DKK
  Expenses:Kids:Institution  -2010.50 DKK

2024-08-01 * "iCloud" "Kontooverførsel" #spiir
  spiir-id: "638580952982061541"
  Assets:Checking:Fixed  -69.00 DKK
  Assets:Transfer  69.00 DKK

2024-08-01 * "Fællesudgifter" "Kontooverførsel" #spiir
  spiir-id: "638580953856154073"
  Assets:Checking:Dagligvarer  3500.00 DKK
  Assets:Transfer  -3500.00 DKK

2024-08-01 * "Dagligvarer - PRM" "Dagligvarer" #spiir
  spiir-id: "638580953856154074"
  Assets:Checking:Dagligvarer  3500.00 DKK
  Expenses:Food:Groceries  -3500.00 DKK

2024-08-01 * "Beta Boulders Cope" "Bar, cafe & restaurant" #spiir
  spiir-id: "638581780574401927"
  Assets:Checking:Primary  -543.00 DKK
  Expenses:Food:Restaurant  543.00 DKK

2024-08-01 * "hiper.dk" "Telefoni & internet" #spiir
  spiir-id: "638581780574401928"
  Assets:Checking:Primary  -319.00 DKK
  Expenses:Subscriptions:Telecom  319.00 DKK

2024-08-01 * "ugleapotek.dk" "Apotek & medicin" #spiir
  spiir-id: "638581782401699328"
  Assets:Checking:Dagligvarer  -374.00 DKK
  Expenses:Health:Pharmacy  374.00 DKK

2024-08-01 * "Coop365Hvidovre" "Dagligvarer" #spiir
  spiir-id: "638581782401699329"
  Assets:Checking:Dagligvarer  -116.70 DKK
  Expenses:Food:Groceries  116.70 DKK

2024-08-02 * "Netto Vigerslevvej" "Dagligvarer" #spiir
  spiir-id: "638581782401699326"
  Assets:Checking:Dagligvarer  -35.90 DKK
  Expenses:Food:Groceries  35.90 DKK

2024-08-02 * "Jysk D075" "Møbler & boligudstyr" #spiir
  spiir-id: "638581782401699327"
  Assets:Checking:Dagligvarer  -359.95 DKK
  Expenses:Shopping:Furniture  359.95 DKK

2024-08-04 * "MobilePay Camilla Stentoft" "" #spiir
  spiir-id: "638584520260717888"
  Assets:Checking:Dagligvarer  -400.00 DKK
  Expenses:Uncategorized  400.00 DKK

2024-08-05 * "Copenhagen Coffee" "Bar, cafe & restaurant" #spiir
  spiir-id: "638584518455700222"
  Assets:Checking:Primary  -39.00 DKK
  Expenses:Food:Restaurant  39.00 DKK

2024-08-05 * "Ida Ingeniørfore. i Danm" "Fagforening & a-kasse" #spiir
  spiir-id: "638584518455700223"
  Assets:Checking:Primary  -878.25 DKK
  Expenses:Insurance:Union  878.25 DKK

2024-08-05 * "Stokke babyindsats" "" #spiir
  spiir-id: "638584520260561645"
  Assets:Checking:Dagligvarer  295.00 DKK
  Expenses:Uncategorized  -295.00 DKK

2024-08-05 * "Coop Kvickly Stran" "Dagligvarer" #spiir
  spiir-id: "638584520260561646"
  Assets:Checking:Dagligvarer  -179.20 DKK
  Expenses:Food:Groceries  179.20 DKK

2024-08-05 * "Coop365Str.lodsvej" "Dagligvarer" #spiir
  spiir-id: "638584520260561647"
  Assets:Checking:Dagligvarer  -142.95 DKK
  Expenses:Food:Groceries  142.95 DKK

2024-08-05 * "Bauhaus Valby" "Ombygning & vedligehold" #spiir
  spiir-id: "638584520260561648"
  Assets:Checking:Dagligvarer  -71.35 DKK
  Expenses:House:Renovation  71.35 DKK

2024-08-05 * "Netto Gl. Køge Lan" "Dagligvarer" #spiir
  spiir-id: "638584520260561649"
  Assets:Checking:Dagligvarer  -47.00 DKK
  Expenses:Food:Groceries  47.00 DKK

2024-08-05 * "Ingo Vigerslev All" "Brændstof" #spiir
  spiir-id: "638584520260717885"
  Assets:Checking:Dagligvarer  -541.21 DKK
  Expenses:Car:Gas  541.21 DKK

2024-08-05 * "Meny Valby, Toften" "Dagligvarer" #spiir
  spiir-id: "638584520260717886"
  Assets:Checking:Dagligvarer  -170.90 DKK
  Expenses:Food:Groceries  170.90 DKK

2024-08-05 * "REMA 1000 Valby M" "Dagligvarer" #spiir
  spiir-id: "638584520260717887"
  Assets:Checking:Dagligvarer  -198.05 DKK
  Expenses:Food:Groceries  198.05 DKK

2024-08-05 * "Lidl" "Dagligvarer" #spiir
  spiir-id: "638585327441141620"
  Assets:Checking:Dagligvarer  -8.00 DKK
  Expenses:Food:Groceries  8.00 DKK

2024-08-05 * "Lidl" "Dagligvarer" #spiir
  spiir-id: "638585327441141621"
  Assets:Checking:Dagligvarer  -336.08 DKK
  Expenses:Food:Groceries  336.08 DKK

2024-08-05 * "Læringstårn" "" #spiir
  spiir-id: "638585327441141622"
  Assets:Checking:Dagligvarer  399.00 DKK
  Expenses:Uncategorized  -399.00 DKK

2024-08-06 * "Evida Service Nord A/S" "El, vand, varme & renovation" #spiir
  spiir-id: "638585326436280027"
  Assets:Checking:Fixed  -2360.28 DKK
  Expenses:House:Heating  2360.28 DKK

2024-08-06 * "Hvidovre kommune" "Institution" #spiir
  spiir-id: "638585326436280028"
  Assets:Checking:Fixed  -5716.50 DKK
  Expenses:Kids:Institution  5716.50 DKK

2024-08-06 * "Treasurehun" "Spil & legetøj" #spiir
  spiir-id: "638585327441141618"
  Assets:Checking:Dagligvarer  -1.00 DKK
  Expenses:Kids:Toys  1.00 DKK

2024-08-06 * "Buzz Cph Vejle" "Bar, cafe & restaurant" #spiir
  spiir-id: "638585327441141619"
  Assets:Checking:Dagligvarer  -12.00 DKK
  Expenses:Food:Restaurant  12.00 DKK

2024-08-07 * "Globe Irish Pub" "Bar, cafe & restaurant" #spiir
  spiir-id: "638586205677324813"
  Assets:Checking:Primary  -70.00 DKK
  Expenses:Food:Restaurant  70.00 DKK

2024-08-07 * "Amagerstrand Minigolf Kobenhavn" "Bar, cafe & restaurant" #spiir
  spiir-id: "638586207960467555"
  Assets:Checking:Dagligvarer  -214.00 DKK
  Expenses:Food:Restaurant  214.00 DKK

2024-08-07 * "Kft Jylland-Kbh Koebenhavn V" "Dagligvarer" #spiir
  spiir-id: "638586207960467556"
  Assets:Checking:Dagligvarer  -107.85 DKK
  Expenses:Food:Groceries  107.85 DKK

2024-08-07 * "UME ASIAN SUPERMARKET Kobenhavn" "Dagligvarer" #spiir
  spiir-id: "638586207960467557"
  Assets:Checking:Dagligvarer  -32.85 DKK
  Expenses:Food:Groceries  32.85 DKK

2024-08-07 * "AMZN Mktp DE" "Andet privatforbrug" #spiir
  spiir-id: "638586207960467558"
  Assets:Checking:Dagligvarer  -1630.58 DKK
  Expenses:Shopping:Other  1630.58 DKK

2024-08-07 * "Globe Irish Pub" "Bar, cafe & restaurant" #spiir
  spiir-id: "638586207960467559"
  Assets:Checking:Dagligvarer  -210.00 DKK
  Expenses:Food:Restaurant  210.00 DKK

2024-08-07 * "Globe Irish Pub" "Bar, cafe & restaurant" #spiir
  spiir-id: "638586207960467560"
  Assets:Checking:Dagligvarer  -70.00 DKK
  Expenses:Food:Restaurant  70.00 DKK

2024-08-08 * "Mcdonalds Norre Voldgade Kobenha" "Fastfood & takeaway" #spiir
  spiir-id: "638587127318945156"
  Assets:Checking:Dagligvarer  -65.00 DKK
  Expenses:Food:Takeaway  65.00 DKK

2024-08-08 * "Lidl" "Dagligvarer" #spiir
  spiir-id: "638587127318945157"
  Assets:Checking:Dagligvarer  -305.26 DKK
  Expenses:Food:Groceries  305.26 DKK

2024-08-09 * "Treasurehun" "Spil & legetøj" #spiir
  spiir-id: "638587955075449073"
  Assets:Checking:Dagligvarer  -1.00 DKK
  Expenses:Kids:Toys  1.00 DKK

2024-08-09 * "Autotal I/S" "Værksted & reservedele" #spiir
  spiir-id: "638588803685913459"
  Assets:Checking:Dagligvarer  -6449.00 DKK
  Expenses:Car:Service  6449.00 DKK

2024-08-11 * "MobilePay EASY PARK A/S" "Parkering" #spiir
  spiir-id: "638589596956056444"
  Assets:Checking:Dagligvarer  -86.25 DKK
  Expenses:Car:Parking  86.25 DKK

2024-08-12 * "Børneloppen Valby" "Babyudstyr" #spiir
  spiir-id: "638590498713398523"
  Assets:Checking:Dagligvarer  -116.25 DKK
  Expenses:Kids:Baby  116.25 DKK

2024-08-12 * "Netto Gl. Køge Lan" "Dagligvarer" #spiir
  spiir-id: "638590498713398524"
  Assets:Checking:Dagligvarer  -220.80 DKK
  Expenses:Food:Groceries  220.80 DKK

2024-08-12 * "Bagelpigen&Bagerie" "Kiosk, bager & specialbutikker" #spiir
  spiir-id: "638590498713398525"
  Assets:Checking:Dagligvarer  -40.00 DKK
  Expenses:Food:Kiosk  40.00 DKK

2024-08-12 * "Kajakhotellet" "Hobby & sportsudstyr" #spiir
  spiir-id: "638590498713398526"
  Assets:Checking:Dagligvarer  -63.00 DKK
  Expenses:Shopping:Sports  63.00 DKK

2024-08-12 * "REMA 1000 Kbh. Am" "Dagligvarer" #spiir
  spiir-id: "638590498713398527"
  Assets:Checking:Dagligvarer  -83.85 DKK
  Expenses:Food:Groceries  83.85 DKK

2024-08-12 * "Kajakhotellet" "Hobby & sportsudstyr" #spiir
  spiir-id: "638590498713398528"
  Assets:Checking:Dagligvarer  -40.00 DKK
  Expenses:Shopping:Sports  40.00 DKK

2024-08-12 * "Kajakhotellet" "Hobby & sportsudstyr" #spiir
  spiir-id: "638590498713398529"
  Assets:Checking:Dagligvarer  -95.00 DKK
  Expenses:Shopping:Sports  95.00 DKK

2024-08-12 * "Lade 609 Aps Koebenhavn Sv" "Bar, cafe & restaurant" #spiir
  spiir-id: "638590498713398530"
  Assets:Checking:Dagligvarer  -50.00 DKK
  Expenses:Food:Restaurant  50.00 DKK

2024-08-13 * "Til Dagligvarer" "Kontooverførsel" #spiir
  spiir-id: "638591392353677354"
  Assets:Checking:Primary  -3200.00 DKK
  Assets:Transfer  3200.00 DKK

2024-08-13 * "1.50% af DKK -102.32 - Udl. kortbet" "" #spiir
  spiir-id: "638591392353677355"
  Assets:Checking:Primary  -1.53 DKK
  Expenses:Uncategorized  1.53 DKK

2024-08-13 * "Audible*RM0PS4G01 Amzn.com/bill" "" #spiir
  spiir-id: "638591392353677356"
  Assets:Checking:Primary  -102.32 DKK
  Expenses:Uncategorized  102.32 DKK

2024-08-13 * "Syn af Polo" "Kontooverførsel" #spiir
  spiir-id: "638591394199624329"
  Assets:Checking:Dagligvarer  3200.00 DKK
  Assets:Transfer  -3200.00 DKK

2024-08-13 * "Til Dagligvarer" "Dagligvarer" #spiir
  spiir-id: "638591394199624330"
  Assets:Checking:Dagligvarer  3200.00 DKK
  Expenses:Food:Groceries  -3200.00 DKK

2024-08-13 * "Yellow Bird Coffee Kobenhavn" "Bar, cafe & restaurant" #spiir
  spiir-id: "638591394199624331"
  Assets:Checking:Dagligvarer  -94.00 DKK
  Expenses:Food:Restaurant  94.00 DKK

2024-08-13 * "Buzz Cph Vejle" "Bar, cafe & restaurant" #spiir
  spiir-id: "638591394199624332"
  Assets:Checking:Dagligvarer  -197.00 DKK
  Expenses:Food:Restaurant  197.00 DKK

2024-08-13 * "Netto Holmen" "Dagligvarer" #spiir
  spiir-id: "638592291108862168"
  Assets:Checking:Dagligvarer  -189.20 DKK
  Expenses:Food:Groceries  189.20 DKK

2024-08-13 * "Garant Glostrup Ap" "Ombygning & vedligehold" #spiir
  spiir-id: "638592291108862169"
  Assets:Checking:Dagligvarer  -1900.00 DKK
  Expenses:House:Renovation  1900.00 DKK

2024-08-14 * "Cykelexperten.Dk A" "Anden transport" #spiir
  spiir-id: "638592289290488220"
  Assets:Checking:Primary  -612.00 DKK
  Expenses:Transport:Other  612.00 DKK

2024-08-14 * "1.50% af DKK -239.49 - Udl. kortbet" "" #spiir
  spiir-id: "638592289290488221"
  Assets:Checking:Primary  -3.59 DKK
  Expenses:Uncategorized  3.59 DKK

2024-08-14 * "Rpstrength Httpsrpstreng" "Online services & software" #spiir
  spiir-id: "638592289290488222"
  Assets:Checking:Primary  -239.49 DKK
  Expenses:Subscriptions:Software  239.49 DKK

2024-08-14 * "Google Nest g.co/helppayÆ" "Alarmsystem" #spiir
  spiir-id: "638592291108862167"
  Assets:Checking:Dagligvarer  -40.00 DKK
  Expenses:House:Alarm  40.00 DKK

2024-08-14 * "Hvidovre Atletik &" "Sport & fritid" #spiir
  spiir-id: "638593190524858039"
  Assets:Checking:Dagligvarer  -525.00 DKK
  Expenses:Entertainment:Sports  525.00 DKK

2024-08-15 * "MobilePay Ella Hollesen Schefe" "" #spiir
  spiir-id: "638593943684998960"
  Assets:Checking:Dagligvarer  -450.00 DKK
  Expenses:Uncategorized  450.00 DKK

2024-08-15 * "Meny Valby, Toften" "Dagligvarer" #spiir
  spiir-id: "638593943684998961"
  Assets:Checking:Dagligvarer  -180.10 DKK
  Expenses:Food:Groceries  180.10 DKK

2024-08-16 * "Fresto Copenhagen" "Bar, cafe & restaurant" #spiir
  spiir-id: "638593943684998958"
  Assets:Checking:Dagligvarer  -2.00 DKK
  Expenses:Food:Restaurant  2.00 DKK

2024-08-16 * "MobilePay EASY PARK A/S" "Parkering" #spiir
  spiir-id: "638593943684998959"
  Assets:Checking:Dagligvarer  -7.75 DKK
  Expenses:Car:Parking  7.75 DKK

2024-08-16 * "apotek Spinderiet" "Apotek & medicin" #spiir
  spiir-id: "638594843809386601"
  Assets:Checking:Dagligvarer  -87.75 DKK
  Expenses:Health:Pharmacy  87.75 DKK

2024-08-16 * "COOP Kvickly Spind" "Dagligvarer" #spiir
  spiir-id: "638594843809386602"
  Assets:Checking:Dagligvarer  -545.95 DKK
  Expenses:Food:Groceries  545.95 DKK

2024-08-16 * "Flying Tiger Cph34" "Møbler & boligudstyr" #spiir
  spiir-id: "638594843809386603"
  Assets:Checking:Dagligvarer  -25.00 DKK
  Expenses:Shopping:Furniture  25.00 DKK

2024-08-16 * "Daily Media" "" #spiir
  spiir-id: "638594843809386604"
  Assets:Checking:Dagligvarer  -206.75 DKK
  Expenses:Uncategorized  206.75 DKK

2024-08-18 * "MobilePay Lee Ann Hollesen Basse" "" #spiir
  spiir-id: "638595686424994566"
  Assets:Checking:Primary  726.33 DKK
  Expenses:Uncategorized  -726.33 DKK

2024-08-18 * "Benzin Polen" "Kontooverførsel" #spiir
  spiir-id: "638595686424994567"
  Assets:Checking:Primary  -608.00 DKK
  Assets:Transfer  608.00 DKK

2024-08-18 * "MobilePay Iryna Tsioma" "" #spiir
  spiir-id: "638595687780948324"
  Assets:Checking:Dagligvarer  -525.00 DKK
  Expenses:Uncategorized  525.00 DKK

2024-08-18 * "Benzin Polen" "Kontooverførsel" #spiir
  spiir-id: "638595687780948325"
  Assets:Checking:Dagligvarer  608.00 DKK
  Assets:Transfer  -608.00 DKK

2024-08-18 * "MobilePay Kristian Steen Olsen" "" #spiir
  spiir-id: "638596512220514712"
  Assets:Checking:Primary  -456.00 DKK
  Expenses:Uncategorized  456.00 DKK

2024-08-19 * "Apple.Com/Bill Cork" "Online services & software" #spiir
  spiir-id: "638596512220514711"
  Assets:Checking:Primary  -25.00 DKK
  Expenses:Subscriptions:Software  25.00 DKK

2024-08-19 * "Daily Media" "Bar, cafe & restaurant" #spiir
  spiir-id: "638596514155059480"
  Assets:Checking:Dagligvarer  -283.75 DKK
  Expenses:Food:Restaurant  283.75 DKK

2024-08-19 * "Coop365 Spinderiet" "Dagligvarer" #spiir
  spiir-id: "638596514155059481"
  Assets:Checking:Dagligvarer  -15.00 DKK
  Expenses:Food:Groceries  15.00 DKK

2024-08-19 * "Flying Tiger Cph34" "Møbler & boligudstyr" #spiir
  spiir-id: "638596514155059482"
  Assets:Checking:Dagligvarer  -15.00 DKK
  Expenses:Shopping:Furniture  15.00 DKK

2024-08-19 * "Holly Drift ApS 331868 K benhavn" "" #spiir
  spiir-id: "638596514155059483"
  Assets:Checking:Dagligvarer  -141.75 DKK
  Expenses:Uncategorized  141.75 DKK

2024-08-19 * "Aurora Ismejeri Kobenhavn V" "Dagligvarer" #spiir
  spiir-id: "638596514155059484"
  Assets:Checking:Dagligvarer  -63.00 DKK
  Expenses:Food:Groceries  63.00 DKK

2024-08-19 * "Netto Hvidovrevej" "Dagligvarer" #spiir
  spiir-id: "638596514155059485"
  Assets:Checking:Dagligvarer  -233.90 DKK
  Expenses:Food:Groceries  233.90 DKK

2024-08-19 * "Netto Gl. Køge Lan" "Dagligvarer" #spiir
  spiir-id: "638596514155059486"
  Assets:Checking:Dagligvarer  -145.00 DKK
  Expenses:Food:Groceries  145.00 DKK

2024-08-20 * "Canyon Bicycles GmbH Koblenz" "Anden transport" #spiir
  spiir-id: "638597360006350814"
  Assets:Checking:Primary  -258.10 DKK
  Expenses:Transport:Other  258.10 DKK

2024-08-20 * "R-Bakery V/Rene Osterg Hvidovre" "" #spiir
  spiir-id: "638597361849328219"
  Assets:Checking:Dagligvarer  -65.00 DKK
  Expenses:Uncategorized  65.00 DKK

2024-08-20 * "ADNAN EYAD Valby" "Dagligvarer" #spiir
  spiir-id: "638597361849328220"
  Assets:Checking:Dagligvarer  -44.00 DKK
  Expenses:Food:Groceries  44.00 DKK

2024-08-20 * "Spotify" "Film, musik & læsestof" #spiir
  spiir-id: "638597361849328221"
  Assets:Checking:Dagligvarer  -149.00 DKK
  Expenses:Entertainment:Media  149.00 DKK

2024-08-20 * "themeatclub.dk" "Dagligvarer" #spiir
  spiir-id: "638598201114972276"
  Assets:Checking:Primary  -1010.00 DKK
  Expenses:Food:Groceries  1010.00 DKK

2024-08-20 * "themeatclub.dk" "Dagligvarer" #spiir
  spiir-id: "638598201114972277"
  Assets:Checking:Primary  -875.00 DKK
  Expenses:Food:Groceries  875.00 DKK

2024-08-20 * "Spilhuset Vigersle" "Kiosk, bager & specialbutikker" #spiir
  spiir-id: "638598202984517751"
  Assets:Checking:Dagligvarer  -25.00 DKK
  Expenses:Food:Kiosk  25.00 DKK

2024-08-21 * "Itunes.Com" "Online services & software" #spiir
  spiir-id: "638598202984517749"
  Assets:Checking:Dagligvarer  -89.00 DKK
  Expenses:Subscriptions:Software  89.00 DKK

2024-08-21 * "Motatos.Dk Herlev" "Dagligvarer" #spiir
  spiir-id: "638598202984517750"
  Assets:Checking:Dagligvarer  -633.50 DKK
  Expenses:Food:Groceries  633.50 DKK

2024-08-21 * "Børneloppen Valby" "Babyudstyr" #spiir
  spiir-id: "638599089420256908"
  Assets:Checking:Dagligvarer  -67.50 DKK
  Expenses:Kids:Baby  67.50 DKK

2024-08-21 * "MobilePay Silja Victoria Fløe Frank" "" #spiir
  spiir-id: "638599089420256909"
