; Spiir import for 2025
; Generated by import_spiir.py

2025-01-01 * "Lønoverførsel" "Løn" #spiir
  spiir-id: "638813512374290130"
  Assets:Checking:Primary  41187.00 DKK
  Income:Salary  -41187.00 DKK

2025-01-02 * "Aldersopsparing" "Pensionsopsparing" #spiir
  spiir-id: "638813512374284939"
  Assets:Checking:Primary  -4100.00 DKK
  Assets:Savings:Pension  4100.00 DKK

2025-01-02 * "Tandforsikring - PRM" "Kontooverførsel" #spiir
  spiir-id: "638813512374285183"
  Assets:Checking:Primary  -60.00 DKK
  Assets:Transfer  60.00 DKK

2025-01-02 * "Spotify" "Kontooverførsel" #spiir
  spiir-id: "638813512374285425"
  Assets:Checking:Primary  -97.00 DKK
  Assets:Transfer  97.00 DKK

2025-01-02 * "Bilforsikr, afgift - PRM" "Kontooverførsel" #spiir
  spiir-id: "638813512374285668"
  Assets:Checking:Primary  -250.00 DKK
  Assets:Transfer  250.00 DKK

2025-01-02 * "Hus, indboforsikr - PRM" "Kontooverførsel" #spiir
  spiir-id: "638813512374285903"
  Assets:Checking:Primary  -347.00 DKK
  Assets:Transfer  347.00 DKK

2025-01-02 * "El, vand og varme - PRM" "Kontooverførsel" #spiir
  spiir-id: "638813512374286156"
  Assets:Checking:Primary  -1084.00 DKK
  Assets:Transfer  1084.00 DKK

2025-01-02 * "Ejendommensskat - PRM" "Kontooverførsel" #spiir
  spiir-id: "638813512374286401"
  Assets:Checking:Primary  -1224.50 DKK
  Assets:Transfer  1224.50 DKK

2025-01-02 * "Vuggestue - PRM" "Kontooverførsel" #spiir
  spiir-id: "638813512374286651"
  Assets:Checking:Primary  -2010.50 DKK
  Assets:Transfer  2010.50 DKK

2025-01-02 * "Dagligvarer - PRM" "Kontooverførsel" #spiir
  spiir-id: "638813512374286894"
  Assets:Checking:Primary  -3500.00 DKK
  Assets:Transfer  3500.00 DKK

2025-01-02 * "Aldersopsparing" "Pensionsopsparing" #spiir
  spiir-id: "638813512374287140"
  Assets:Checking:Primary  -5300.00 DKK
  Assets:Savings:Pension  5300.00 DKK

2025-01-02 * "iCloud Fastefæll.udgifte" "Kontooverførsel" #spiir
  spiir-id: "638813512374287383"
  Assets:Checking:Primary  69.00 DKK
  Assets:Transfer  -69.00 DKK

2025-01-02 * "hiper.dk" "Telefoni & internet" #spiir
  spiir-id: "638813512374287644"
  Assets:Checking:Primary  -339.00 DKK
  Expenses:Subscriptions:Telecom  339.00 DKK

2025-01-02 * "Hvidovre apotek" "Apotek & medicin" #spiir
  spiir-id: "638813512374287895"
  Assets:Checking:Primary  -224.35 DKK
  Expenses:Health:Pharmacy  224.35 DKK

2025-01-02 * "Hvidovre Apotek" "Apotek & medicin" #spiir
  spiir-id: "638813512374288159"
  Assets:Checking:Primary  -105.50 DKK
  Expenses:Health:Pharmacy  105.50 DKK

2025-01-02 * "derila.com Kaunas" "" #spiir
  spiir-id: "638813512374288403"
  Assets:Checking:Primary  -366.71 DKK
  Expenses:Uncategorized  366.71 DKK

2025-01-02 * "derila.com Kaunas" "" #spiir
  spiir-id: "638813512374288669"
  Assets:Checking:Primary  366.53 DKK
  Expenses:Uncategorized  -366.53 DKK

2025-01-02 * "Akademikernes A-Kasse" "Fagforening & a-kasse" #spiir
  spiir-id: "638813512374288922"
  Assets:Checking:Primary  -1497.00 DKK
  Expenses:Insurance:Union  1497.00 DKK

2025-01-02 * "Vuggestue - LAH" "Kontooverførsel" #spiir
  spiir-id: "638813513273927482"
  Assets:Checking:Fixed  2010.50 DKK
  Assets:Transfer  -2010.50 DKK

2025-01-02 * "Tandforsikring - PRM" "Kontooverførsel" #spiir
  spiir-id: "638813513273927765"
  Assets:Checking:Fixed  60.00 DKK
  Assets:Transfer  -60.00 DKK

2025-01-02 * "Spotify" "Kontooverførsel" #spiir
  spiir-id: "638813513273928042"
  Assets:Checking:Fixed  97.00 DKK
  Assets:Transfer  -97.00 DKK

2025-01-02 * "Bilforsikr, afgift - PRM" "Kontooverførsel" #spiir
  spiir-id: "638813513273928297"
  Assets:Checking:Fixed  250.00 DKK
  Assets:Transfer  -250.00 DKK

2025-01-02 * "Hus, indboforsikr - PRM" "Kontooverførsel" #spiir
  spiir-id: "638813513273928576"
  Assets:Checking:Fixed  347.00 DKK
  Assets:Transfer  -347.00 DKK

2025-01-02 * "El, vand og varme - PRM" "Kontooverførsel" #spiir
  spiir-id: "638813513273928852"
  Assets:Checking:Fixed  1084.00 DKK
  Assets:Transfer  -1084.00 DKK

2025-01-02 * "Ejendommensskat - PRM" "Kontooverførsel" #spiir
  spiir-id: "638813513274017530"
  Assets:Checking:Fixed  1224.50 DKK
  Assets:Transfer  -1224.50 DKK

2025-01-02 * "Vuggestue - PRM" "Institution" #spiir
  spiir-id: "638813513274018208"
  Assets:Checking:Fixed  2010.50 DKK
  Expenses:Kids:Institution  -2010.50 DKK

2025-01-02 * "iCloud" "Kontooverførsel" #spiir
  spiir-id: "638813513274018490"
  Assets:Checking:Fixed  -69.00 DKK
  Assets:Transfer  69.00 DKK

2025-01-02 * "Nettopower ApS" "El, vand, varme & renovation" #spiir
  spiir-id: "638813513274018740"
  Assets:Checking:Fixed  -9122.94 DKK
  Expenses:House:Heating  9122.94 DKK

2025-01-02 * "Hvidovre kommune" "Institution" #spiir
  spiir-id: "638813513274018983"
  Assets:Checking:Fixed  -6136.00 DKK
  Expenses:Kids:Institution  6136.00 DKK

2025-01-02 * "Tryg" "Indbo- & familieforsikring" #spiir
  spiir-id: "638813513274019220"
  Assets:Checking:Fixed  -452.78 DKK
  Expenses:House:Contents-Insurance  452.78 DKK

2025-01-02 * "Tryg" "Indbo- & familieforsikring" #spiir
  spiir-id: "638813513274019440"
  Assets:Checking:Fixed  -2146.75 DKK
  Expenses:House:Contents-Insurance  2146.75 DKK

2025-01-02 * "Tryg" "Indbo- & familieforsikring" #spiir
  spiir-id: "638813513274019656"
  Assets:Checking:Fixed  -3184.04 DKK
  Expenses:House:Contents-Insurance  3184.04 DKK

2025-01-02 * "Ok A.M.B.A" "Brændstof" #spiir
  spiir-id: "638813513274019871"
  Assets:Checking:Fixed  -455.00 DKK
  Expenses:Car:Gas  455.00 DKK

2025-01-02 * "viskerbladet.dk" "Værksted & reservedele" #spiir
  spiir-id: "638813513346466974"
  Assets:Checking:Dagligvarer  -501.00 DKK
  Expenses:Car:Service  501.00 DKK

2025-01-02 * "MobilePay Bo Dejgaard Hermansen" "" #spiir
  spiir-id: "638813513346467216"
  Assets:Checking:Dagligvarer  -1500.00 DKK
  Expenses:Uncategorized  1500.00 DKK

2025-01-02 * "Fællesudgifter" "Kontooverførsel" #spiir
  spiir-id: "638813513346467472"
  Assets:Checking:Dagligvarer  3500.00 DKK
  Assets:Transfer  -3500.00 DKK

2025-01-02 * "Dagligvarer - PRM" "Dagligvarer" #spiir
  spiir-id: "638813513346467712"
  Assets:Checking:Dagligvarer  3500.00 DKK
  Expenses:Food:Groceries  -3500.00 DKK

2025-01-02 * "Netto Hvidovrevej" "Dagligvarer" #spiir
  spiir-id: "638813513346467964"
  Assets:Checking:Dagligvarer  -486.60 DKK
  Expenses:Food:Groceries  486.60 DKK

2025-01-02 * "Kim's Kram" "Spil & legetøj" #spiir
  spiir-id: "638813513346468223"
  Assets:Checking:Dagligvarer  -169.65 DKK
  Expenses:Kids:Toys  169.65 DKK

2025-01-02 * "REWE Kai Prochazka oHG Hamburg" "Dagligvarer" #spiir
  spiir-id: "638813513346468492"
  Assets:Checking:Dagligvarer  -513.40 DKK
  Expenses:Food:Groceries  513.40 DKK

2025-01-02 * "Freie Service Station Pinneberg" "Brændstof" #spiir
  spiir-id: "638813513346468791"
  Assets:Checking:Dagligvarer  -395.32 DKK
  Expenses:Car:Gas  395.32 DKK

2025-01-02 * "Aldi Nord Kiel" "Dagligvarer" #spiir
  spiir-id: "638813513346469058"
  Assets:Checking:Dagligvarer  -43.12 DKK
  Expenses:Food:Groceries  43.12 DKK

2025-01-02 * "Rossmann 1712 Kiel" "Apotek & medicin" #spiir
  spiir-id: "638813513346469355"
  Assets:Checking:Dagligvarer  -21.23 DKK
  Expenses:Health:Pharmacy  21.23 DKK

2025-01-02 * "Asia Snack Fu Loi Kiel" "Fastfood & takeaway" #spiir
  spiir-id: "638813513346469652"
  Assets:Checking:Dagligvarer  -63.75 DKK
  Expenses:Food:Takeaway  63.75 DKK

2025-01-02 * "Rossmann 1712 Kiel" "Apotek & medicin" #spiir
  spiir-id: "638813513346469947"
  Assets:Checking:Dagligvarer  -123.52 DKK
  Expenses:Health:Pharmacy  123.52 DKK

2025-01-02 * "Birger und Leif Ronnau Stein" "Dagligvarer" #spiir
  spiir-id: "638813513346470238"
  Assets:Checking:Dagligvarer  -153.74 DKK
  Expenses:Food:Groceries  153.74 DKK

2025-01-02 * "Jannys Eis Marina Wend Heiligenha" "Bar, cafe & restaurant" #spiir
  spiir-id: "638813513346470531"
  Assets:Checking:Dagligvarer  -104.99 DKK
  Expenses:Food:Restaurant  104.99 DKK

2025-01-02 * "Netto Gl. Køge Lan" "Dagligvarer" #spiir
  spiir-id: "638813513346470833"
  Assets:Checking:Dagligvarer  -150.50 DKK
  Expenses:Food:Groceries  150.50 DKK

2025-01-02 * "Info-Teria Piberhu" "" #spiir
  spiir-id: "638813513346471122"
  Assets:Checking:Dagligvarer  -65.00 DKK
  Expenses:Uncategorized  65.00 DKK

2025-01-03 * "MobilePay Bertram Fosgaard Fog" "" #spiir
  spiir-id: "638813512374284420"
  Assets:Checking:Primary  -200.00 DKK
  Expenses:Uncategorized  200.00 DKK

2025-01-03 * "Koedhuset.Dk/ Smorum" "" #spiir
  spiir-id: "638813512374284681"
  Assets:Checking:Primary  -618.00 DKK
  Expenses:Uncategorized  618.00 DKK

2025-01-03 * "Ejendomsskat - LAH" "Ejendomsskat" #spiir
  spiir-id: "638813513273925786"
  Assets:Checking:Fixed  1224.50 DKK
  Expenses:House:Tax  -1224.50 DKK

2025-01-03 * "El, vand og varme - LAH" "El, vand, varme & renovation" #spiir
  spiir-id: "638813513273926081"
  Assets:Checking:Fixed  1084.00 DKK
  Expenses:House:Heating  -1084.00 DKK

2025-01-03 * "Hus, indboforsikr - LAH" "" #spiir
  spiir-id: "638813513273926356"
  Assets:Checking:Fixed  347.00 DKK
  Expenses:Uncategorized  -347.00 DKK

2025-01-03 * "Bilforsikr, afgift - LAH" "" #spiir
  spiir-id: "638813513273926652"
  Assets:Checking:Fixed  250.00 DKK
  Expenses:Uncategorized  -250.00 DKK

2025-01-03 * "Spotify" "Film, musik & læsestof" #spiir
  spiir-id: "638813513273926939"
  Assets:Checking:Fixed  97.00 DKK
  Expenses:Entertainment:Media  -97.00 DKK

2025-01-03 * "Tandforsikring - LAH" "" #spiir
  spiir-id: "638813513273927209"
  Assets:Checking:Fixed  60.00 DKK
  Expenses:Uncategorized  -60.00 DKK

2025-01-03 * "Circle K Nordhøj" "Kiosk, bager & specialbutikker" #spiir
  spiir-id: "638813513346465393"
  Assets:Checking:Dagligvarer  -531.02 DKK
  Expenses:Food:Kiosk  531.02 DKK

2025-01-03 * "R-Bakery V/Rene Osterg Hvidovre" "Kiosk, bager & specialbutikker" #spiir
  spiir-id: "638813513346465657"
  Assets:Checking:Dagligvarer  -93.00 DKK
  Expenses:Food:Kiosk  93.00 DKK

2025-01-03 * "Aci Puttgarden Port Fehmarn" "" #spiir
  spiir-id: "638813513346465917"
  Assets:Checking:Dagligvarer  -971.22 DKK
  Expenses:Uncategorized  971.22 DKK

2025-01-03 * "W.Alpen Lebensmittelve Wendtorf" "" #spiir
  spiir-id: "638813513346466183"
  Assets:Checking:Dagligvarer  -139.49 DKK
  Expenses:Uncategorized  139.49 DKK

2025-01-03 * "Schleswig-Holstein Onboar Fehmarn" "Bus, tog, færge o.l." #spiir
  spiir-id: "638813513346466453"
  Assets:Checking:Dagligvarer  -39.00 DKK
  Expenses:Transport:Public  39.00 DKK

2025-01-03 * "Valby Valby" "Fastfood & takeaway" #spiir
  spiir-id: "638813513346466722"
  Assets:Checking:Dagligvarer  -98.00 DKK
  Expenses:Food:Takeaway  98.00 DKK

2025-01-05 * "MobilePay EASY PARK A/S" "Parkering" #spiir
  spiir-id: "638813513346465149"
  Assets:Checking:Dagligvarer  -17.32 DKK
  Expenses:Car:Parking  17.32 DKK

2025-01-06 * "Dsb App" "Bus, tog, færge o.l." #spiir
  spiir-id: "638813512374283923"
  Assets:Checking:Primary  -20.50 DKK
  Expenses:Transport:Public  20.50 DKK

2025-01-06 * "Dsb App" "Bus, tog, færge o.l." #spiir
  spiir-id: "638813512374284176"
  Assets:Checking:Primary  -20.50 DKK
  Expenses:Transport:Public  20.50 DKK

2025-01-06 * "Hvidovre kommune" "Institution" #spiir
  spiir-id: "638813513273925528"
  Assets:Checking:Fixed  -2235.94 DKK
  Expenses:Kids:Institution  2235.94 DKK

2025-01-06 * "Børneloppen Valby" "Babyudstyr" #spiir
  spiir-id: "638813513346463026"
  Assets:Checking:Dagligvarer  -36.00 DKK
  Expenses:Kids:Baby  36.00 DKK

2025-01-06 * "Boulders ApS" "Sport & fritid" #spiir
  spiir-id: "638813513346463295"
  Assets:Checking:Dagligvarer  -30.00 DKK
  Expenses:Entertainment:Sports  30.00 DKK

2025-01-06 * "Boulders ApS" "Sport & fritid" #spiir
  spiir-id: "638813513346463566"
  Assets:Checking:Dagligvarer  -30.00 DKK
  Expenses:Entertainment:Sports  30.00 DKK

2025-01-06 * "The Burger Concept" "Fastfood & takeaway" #spiir
  spiir-id: "638813513346463832"
  Assets:Checking:Dagligvarer  -44.95 DKK
  Expenses:Food:Takeaway  44.95 DKK

2025-01-06 * "Lidl" "Dagligvarer" #spiir
  spiir-id: "638813513346464095"
  Assets:Checking:Dagligvarer  -20.90 DKK
  Expenses:Food:Groceries  20.90 DKK

2025-01-06 * "Kvickly Hvidovre" "Dagligvarer" #spiir
  spiir-id: "638813513346464355"
  Assets:Checking:Dagligvarer  -20.00 DKK
  Expenses:Food:Groceries  20.00 DKK

2025-01-06 * "Kvickly Hvidovre" "Dagligvarer" #spiir
  spiir-id: "638813513346464634"
  Assets:Checking:Dagligvarer  -371.80 DKK
  Expenses:Food:Groceries  371.80 DKK

2025-01-06 * "SuperB Ålekistevej" "Dagligvarer" #spiir
  spiir-id: "638813513346464883"
  Assets:Checking:Dagligvarer  -196.40 DKK
  Expenses:Food:Groceries  196.40 DKK

2025-01-07 * "Dsb App" "Bus, tog, færge o.l." #spiir
  spiir-id: "638813512374282672"
  Assets:Checking:Primary  -16.40 DKK
  Expenses:Transport:Public  16.40 DKK

2025-01-07 * "Dsb App" "Bus, tog, færge o.l." #spiir
  spiir-id: "638813512374282910"
  Assets:Checking:Primary  -20.50 DKK
  Expenses:Transport:Public  20.50 DKK

2025-01-07 * "Dsb App" "Bus, tog, færge o.l." #spiir
  spiir-id: "638813512374283161"
  Assets:Checking:Primary  -20.50 DKK
  Expenses:Transport:Public  20.50 DKK

2025-01-07 * "Til Dagligvarer" "Kontooverførsel" #spiir
  spiir-id: "638813512374283403"
  Assets:Checking:Primary  -2000.00 DKK
  Assets:Transfer  2000.00 DKK

2025-01-07 * "Burger King Koege 3406 Ki Koege" "Fastfood & takeaway" #spiir
  spiir-id: "638813512374283661"
  Assets:Checking:Primary  -50.00 DKK
  Expenses:Food:Takeaway  50.00 DKK

2025-01-07 * "Lidl" "Dagligvarer" #spiir
  spiir-id: "638813513346460219"
  Assets:Checking:Dagligvarer  -105.00 DKK
  Expenses:Food:Groceries  105.00 DKK

2025-01-07 * "Hooked Carlsbergby" "Bar, cafe & restaurant" #spiir
  spiir-id: "638813513346460465"
  Assets:Checking:Dagligvarer  -85.00 DKK
  Expenses:Food:Restaurant  85.00 DKK

2025-01-07 * "Børneloppen Valby" "Babyudstyr" #spiir
  spiir-id: "638813513346460720"
  Assets:Checking:Dagligvarer  -71.50 DKK
  Expenses:Kids:Baby  71.50 DKK

2025-01-07 * "Coop365 Spinderiet" "Dagligvarer" #spiir
  spiir-id: "638813513346460970"
  Assets:Checking:Dagligvarer  -51.95 DKK
  Expenses:Food:Groceries  51.95 DKK

2025-01-07 * "Til Dagligvarer" "Kontooverførsel" #spiir
  spiir-id: "638813513346461247"
  Assets:Checking:Dagligvarer  2000.00 DKK
  Assets:Transfer  -2000.00 DKK

2025-01-07 * "Fra Lee Ann Hollesen" "Dagligvarer" #spiir
  spiir-id: "638813513346461520"
  Assets:Checking:Dagligvarer  2000.00 DKK
  Expenses:Food:Groceries  -2000.00 DKK

2025-01-07 * "Spilhuset Vigerslev Valby Kbenhav" "Dagligvarer" #spiir
  spiir-id: "638813513346461812"
  Assets:Checking:Dagligvarer  -20.00 DKK
  Expenses:Food:Groceries  20.00 DKK

2025-01-07 * "EasyPark A/S easypark.dk" "Parkering" #spiir
  spiir-id: "638813513346462122"
  Assets:Checking:Dagligvarer  -28.00 DKK
  Expenses:Car:Parking  28.00 DKK

2025-01-07 * "Quooker Skandinavien Roedovre" "" #spiir
  spiir-id: "638813513346462429"
  Assets:Checking:Dagligvarer  -1590.00 DKK
  Expenses:Uncategorized  1590.00 DKK

2025-01-07 * "Osterbrogade 2100 Kobenhav" "Fastfood & takeaway" #spiir
  spiir-id: "638813513346462731"
  Assets:Checking:Dagligvarer  -59.00 DKK
  Expenses:Food:Takeaway  59.00 DKK

2025-01-08 * "Dsb App" "Bus, tog, færge o.l." #spiir
  spiir-id: "638813512374282174"
  Assets:Checking:Primary  -20.50 DKK
  Expenses:Transport:Public  20.50 DKK

2025-01-08 * "tipster.dk 0-2-4" "Bar, cafe & restaurant" #spiir
  spiir-id: "638813512374282418"
  Assets:Checking:Primary  -158.00 DKK
  Expenses:Food:Restaurant  158.00 DKK

2025-01-08 * "Netto Fredriks Bry" "Dagligvarer" #spiir
  spiir-id: "638813513346459441"
  Assets:Checking:Dagligvarer  -20.00 DKK
  Expenses:Food:Groceries  20.00 DKK

2025-01-08 * "Netto Gl. Køge Lan" "Dagligvarer" #spiir
  spiir-id: "638813513346459704"
  Assets:Checking:Dagligvarer  -84.95 DKK
  Expenses:Food:Groceries  84.95 DKK

2025-01-08 * "Daily Media" "Bar, cafe & restaurant" #spiir
  spiir-id: "638813513346459943"
  Assets:Checking:Dagligvarer  206.75 DKK
  Expenses:Food:Restaurant  -206.75 DKK

2025-01-09 * "Dsb App" "Bus, tog, færge o.l." #spiir
  spiir-id: "638813512374281670"
  Assets:Checking:Primary  -34.00 DKK
  Expenses:Transport:Public  34.00 DKK

2025-01-09 * "3 Danmark Koebenhavn SV" "Telefoni & internet" #spiir
  spiir-id: "638813512374281911"
  Assets:Checking:Primary  -160.00 DKK
  Expenses:Subscriptions:Telecom  160.00 DKK

2025-01-09 * "SuperB Brostyk.vej" "Dagligvarer" #spiir
  spiir-id: "638813513346459196"
  Assets:Checking:Dagligvarer  -75.95 DKK
  Expenses:Food:Groceries  75.95 DKK

2025-01-12 * "MobilePay EASY PARK A/S" "Parkering" #spiir
  spiir-id: "638813513346458942"
  Assets:Checking:Dagligvarer  -34.50 DKK
  Expenses:Car:Parking  34.50 DKK

2025-01-13 * "Xeroshoes.Eu Prague" "" #spiir
  spiir-id: "638813512374281402"
  Assets:Checking:Primary  -693.64 DKK
  Expenses:Uncategorized  693.64 DKK

2025-01-13 * "tipster.dk 0-2-3" "" #spiir
  spiir-id: "638813513346457311"
  Assets:Checking:Dagligvarer  -530.00 DKK
  Expenses:Uncategorized  530.00 DKK

2025-01-13 * "Lidl" "Dagligvarer" #spiir
  spiir-id: "638813513346457581"
  Assets:Checking:Dagligvarer  -41.00 DKK
  Expenses:Food:Groceries  41.00 DKK

2025-01-13 * "Netto Hvidovrevej" "Dagligvarer" #spiir
  spiir-id: "638813513346457865"
  Assets:Checking:Dagligvarer  -351.25 DKK
  Expenses:Food:Groceries  351.25 DKK

2025-01-13 * "føtex Ndr. Fasanve" "Dagligvarer" #spiir
  spiir-id: "638813513346458151"
  Assets:Checking:Dagligvarer  -18.95 DKK
  Expenses:Food:Groceries  18.95 DKK

2025-01-13 * "Bog & Ide" "Film, musik & læsestof" #spiir
  spiir-id: "638813513346458437"
  Assets:Checking:Dagligvarer  -34.95 DKK
  Expenses:Entertainment:Media  34.95 DKK

2025-01-13 * "Apotek Fisketorvet" "Apotek & medicin" #spiir
  spiir-id: "638813513346458694"
  Assets:Checking:Dagligvarer  -81.30 DKK
  Expenses:Health:Pharmacy  81.30 DKK

2025-01-14 * "sportsmagneter.dk mGGpi" "" #spiir
  spiir-id: "638813512374279526"
  Assets:Checking:Primary  -238.00 DKK
  Expenses:Uncategorized  238.00 DKK

2025-01-14 * "Udl. kortbetaling, 1.50% af DKK -25" "Ferieaktiviteter" #spiir
  spiir-id: "638813512374279797"
  Assets:Checking:Primary  -3.83 DKK
  Expenses:Travel:Activities  3.83 DKK

2025-01-14 * "Rpstrength Rpstrength.Co" "" #spiir
  spiir-id: "638813512374280039"
  Assets:Checking:Primary  -255.61 DKK
  Expenses:Uncategorized  255.61 DKK

2025-01-14 * "Udl. kortbetaling, 1.50% af DKK -10" "Bankgebyrer" #spiir
  spiir-id: "638813512374280307"
  Assets:Checking:Primary  -1.64 DKK
  Expenses:Bank:Fees  1.64 DKK

2025-01-14 * "AMZN Digital" "Film, musik & læsestof" #spiir
  spiir-id: "638813512374280548"
  Assets:Checking:Primary  -109.21 DKK
  Expenses:Entertainment:Media  109.21 DKK

2025-01-14 * "Cykelexperten.Dk Vanlose" "Anden transport" #spiir
  spiir-id: "638813512374280818"
  Assets:Checking:Primary  -538.00 DKK
  Expenses:Transport:Other  538.00 DKK

2025-01-14 * "LOOMISP*Phoneklinik Ap Kobenhavn" "" #spiir
  spiir-id: "638813512374281126"
  Assets:Checking:Primary  -149.00 DKK
  Expenses:Uncategorized  149.00 DKK

2025-01-14 * "hvidovre-atletik.d" "Sport & fritid" #spiir
  spiir-id: "638813513346455643"
  Assets:Checking:Dagligvarer  -450.00 DKK
  Expenses:Entertainment:Sports  450.00 DKK

2025-01-14 * "Thansen Brøndby" "Værksted & reservedele" #spiir
  spiir-id: "638813513346455932"
  Assets:Checking:Dagligvarer  -499.00 DKK
  Expenses:Car:Service  499.00 DKK

2025-01-14 * "jem & fix" "Ombygning & vedligehold" #spiir
  spiir-id: "638813513346456194"
  Assets:Checking:Dagligvarer  -19.50 DKK
  Expenses:House:Renovation  19.50 DKK

2025-01-14 * "Kvickly Hvidovre" "Dagligvarer" #spiir
  spiir-id: "638813513346456467"
  Assets:Checking:Dagligvarer  -6.50 DKK
  Expenses:Food:Groceries  6.50 DKK

2025-01-14 * "Google Nest g.co/helppayÆ" "Alarmsystem" #spiir
  spiir-id: "638813513346456730"
  Assets:Checking:Dagligvarer  -40.00 DKK
  Expenses:House:Alarm  40.00 DKK

2025-01-14 * "R-Bakery V/Rene Osterg Hvidovre" "Kiosk, bager & specialbutikker" #spiir
  spiir-id: "638813513346457030"
  Assets:Checking:Dagligvarer  -140.00 DKK
  Expenses:Food:Kiosk  140.00 DKK

2025-01-15 * "Til Dagligvarer" "Kontooverførsel" #spiir
  spiir-id: "638813512374279172"
  Assets:Checking:Primary  -1500.00 DKK
  Assets:Transfer  1500.00 DKK

2025-01-15 * "Til Dagligvarer" "Kontooverførsel" #spiir
  spiir-id: "638813513346455128"
  Assets:Checking:Dagligvarer  1500.00 DKK
  Assets:Transfer  -1500.00 DKK

2025-01-15 * "Til Dagligvarer" "Dagligvarer" #spiir
  spiir-id: "638813513346455398"
  Assets:Checking:Dagligvarer  1500.00 DKK
  Expenses:Food:Groceries  -1500.00 DKK

2025-01-16 * "MobilePay Orion Shanti Dalsgaard Ma" "" #spiir
  spiir-id: "638813512374278901"
  Assets:Checking:Primary  300.00 DKK
  Expenses:Uncategorized  -300.00 DKK

2025-01-16 * "Lidl" "Dagligvarer" #spiir
  spiir-id: "638813513346454626"
  Assets:Checking:Dagligvarer  -255.43 DKK
  Expenses:Food:Groceries  255.43 DKK

2025-01-16 * "Ume Asian Supermar" "Dagligvarer" #spiir
  spiir-id: "638813513346454880"
  Assets:Checking:Dagligvarer  -131.60 DKK
  Expenses:Food:Groceries  131.60 DKK

2025-01-17 * "Ingeniørforeningen" "Fagforening & a-kasse" #spiir
  spiir-id: "638813512374278636"
  Assets:Checking:Primary  -3200.00 DKK
  Expenses:Insurance:Union  3200.00 DKK

2025-01-20 * "Kösk Kebab Food Ap" "Fastfood & takeaway" #spiir
  spiir-id: "638813512374277156"
  Assets:Checking:Primary  -62.00 DKK
  Expenses:Food:Takeaway  62.00 DKK

2025-01-20 * "Gamma NV" "Bar, cafe & restaurant" #spiir
  spiir-id: "638813512374277403"
  Assets:Checking:Primary  -140.00 DKK
  Expenses:Food:Restaurant  140.00 DKK

2025-01-20 * "Dsb App" "Bus, tog, færge o.l." #spiir
  spiir-id: "638813512374277649"
  Assets:Checking:Primary  -23.75 DKK
  Expenses:Transport:Public  23.75 DKK

2025-01-20 * "Dsb App" "Bus, tog, færge o.l." #spiir
  spiir-id: "638813512374277894"
  Assets:Checking:Primary  -22.00 DKK
  Expenses:Transport:Public  22.00 DKK

2025-01-20 * "Børnepenge - PRM" "Kontooverførsel" #spiir
  spiir-id: "638813512374278131"
  Assets:Checking:Primary  -2327.00 DKK
  Assets:Transfer  2327.00 DKK

2025-01-20 * "Børne- og Ungeydelse" "Børnepenge" #spiir
  spiir-id: "638813512374278376"
  Assets:Checking:Primary  4742.00 DKK
  Income:ChildBenefit  -4742.00 DKK

2025-01-20 * "Børnepenge - LAH" "Kontooverførsel" #spiir
  spiir-id: "638813513273924963"
  Assets:Checking:Fixed  2327.00 DKK
  Assets:Transfer  -2327.00 DKK

2025-01-20 * "Børnepenge - PRM" "Børnepenge" #spiir
  spiir-id: "638813513273925240"
  Assets:Checking:Fixed  2327.00 DKK
  Income:ChildBenefit  -2327.00 DKK

2025-01-20 * "Netto Lufthavnen" "Dagligvarer" #spiir
  spiir-id: "638813513346453593"
  Assets:Checking:Dagligvarer  -46.25 DKK
  Expenses:Food:Groceries  46.25 DKK

2025-01-20 * "Ikea" "Møbler & boligudstyr" #spiir
  spiir-id: "638813513346453860"
  Assets:Checking:Dagligvarer  -1105.00 DKK
  Expenses:Shopping:Furniture  1105.00 DKK

2025-01-20 * "Ikea" "Møbler & boligudstyr" #spiir
  spiir-id: "638813513346454113"
  Assets:Checking:Dagligvarer  -24.00 DKK
  Expenses:Shopping:Furniture  24.00 DKK

2025-01-20 * "Netto Hvidovrevej" "Dagligvarer" #spiir
  spiir-id: "638813513346454372"
  Assets:Checking:Dagligvarer  -309.20 DKK
  Expenses:Food:Groceries  309.20 DKK

2025-01-21 * "Dsb App" "Bus, tog, færge o.l." #spiir
  spiir-id: "638813512374276909"
  Assets:Checking:Primary  -36.80 DKK
  Expenses:Transport:Public  36.80 DKK

2025-01-21 * "føtex Frederiksber" "Dagligvarer" #spiir
  spiir-id: "638813513346451672"
  Assets:Checking:Dagligvarer  -10.00 DKK
  Expenses:Food:Groceries  10.00 DKK

2025-01-21 * "Lidl" "Dagligvarer" #spiir
  spiir-id: "638813513346451959"
  Assets:Checking:Dagligvarer  -81.60 DKK
  Expenses:Food:Groceries  81.60 DKK

2025-01-21 * "matas.dk" "Frisør & personlig pleje" #spiir
  spiir-id: "638813513346452242"
  Assets:Checking:Dagligvarer  -516.56 DKK
  Expenses:Shopping:Personal-Care  516.56 DKK

2025-01-21 * "Børneloppen Valby" "Babyudstyr" #spiir
  spiir-id: "638813513346452519"
  Assets:Checking:Dagligvarer  -5.00 DKK
  Expenses:Kids:Baby  5.00 DKK

2025-01-21 * "Spotify" "Film, musik & læsestof" #spiir
  spiir-id: "638813513346452784"
  Assets:Checking:Dagligvarer  -149.00 DKK
  Expenses:Entertainment:Media  149.00 DKK

2025-01-21 * "Apple.Com/Bill" "Online services & software" #spiir
  spiir-id: "638813513346453058"
  Assets:Checking:Dagligvarer  -89.00 DKK
  Expenses:Subscriptions:Software  89.00 DKK

2025-01-21 * "R-Bakery V/Rene Osterg Hvidovre" "Kiosk, bager & specialbutikker" #spiir
  spiir-id: "638813513346453329"
  Assets:Checking:Dagligvarer  -177.00 DKK
  Expenses:Food:Kiosk  177.00 DKK

2025-01-22 * "LOOMISP*Restaurant Kos Kobenhavn" "Bar, cafe & restaurant" #spiir
  spiir-id: "638813512374276640"
  Assets:Checking:Primary  -318.00 DKK
  Expenses:Food:Restaurant  318.00 DKK

2025-01-22 * "Tipster at Mark" "" #spiir
  spiir-id: "638813513346451115"
  Assets:Checking:Dagligvarer  265.00 DKK
  Expenses:Uncategorized  -265.00 DKK

2025-01-22 * "Fra Lee Ann Hollesen" "Dagligvarer" #spiir
  spiir-id: "638813513346451400"
  Assets:Checking:Dagligvarer  1000.00 DKK
  Expenses:Food:Groceries  -1000.00 DKK

2025-01-23 * "Dsb App" "Bus, tog, færge o.l." #spiir
  spiir-id: "638813512374276162"
  Assets:Checking:Primary  -22.00 DKK
  Expenses:Transport:Public  22.00 DKK

2025-01-23 * "Dsb App" "Bus, tog, færge o.l." #spiir
  spiir-id: "638813512374276404"
  Assets:Checking:Primary  -22.00 DKK
  Expenses:Transport:Public  22.00 DKK

2025-01-23 * "MobilePay EASY PARK A/S" "Parkering" #spiir
  spiir-id: "638813513346450856"
  Assets:Checking:Dagligvarer  -105.25 DKK
  Expenses:Car:Parking  105.25 DKK

2025-01-24 * "Netto Hvidovrevej" "Dagligvarer" #spiir
  spiir-id: "638813513346450584"
  Assets:Checking:Dagligvarer  -150.25 DKK
  Expenses:Food:Groceries  150.25 DKK

2025-01-25 * "MobilePay Silas Stoltenberg Addingt" "" #spiir
  spiir-id: "638813512374275906"
  Assets:Checking:Primary  1450.00 DKK
  Expenses:Uncategorized  -1450.00 DKK

2025-01-27 * "Dsb App" "Bus, tog, færge o.l." #spiir
  spiir-id: "638813512374274622"
  Assets:Checking:Primary  -22.00 DKK
  Expenses:Transport:Public  22.00 DKK

2025-01-27 * "Dsb App" "Bus, tog, færge o.l." #spiir
  spiir-id: "638813512374274863"
  Assets:Checking:Primary  -22.00 DKK
  Expenses:Transport:Public  22.00 DKK

2025-01-27 * "Netto Tårnby Torv" "Dagligvarer" #spiir
  spiir-id: "638813512374275141"
  Assets:Checking:Primary  -42.00 DKK
  Expenses:Food:Groceries  42.00 DKK

2025-01-27 * "Dsb App" "Bus, tog, færge o.l." #spiir
  spiir-id: "638813512374275415"
  Assets:Checking:Primary  -97.00 DKK
  Expenses:Transport:Public  97.00 DKK

2025-01-27 * "Dsb App" "Bus, tog, færge o.l." #spiir
  spiir-id: "638813512374275652"
  Assets:Checking:Primary  -25.00 DKK
  Expenses:Transport:Public  25.00 DKK

2025-01-27 * "Netto Hvidovrevej" "Dagligvarer" #spiir
  spiir-id: "638813513346450009"
  Assets:Checking:Dagligvarer  -203.50 DKK
  Expenses:Food:Groceries  203.50 DKK

2025-01-27 * "Supermercados Mas Malaga" "" #spiir
  spiir-id: "638813513346450293"
  Assets:Checking:Dagligvarer  -33.30 DKK
  Expenses:Uncategorized  33.30 DKK

2025-01-28 * "Skanetrafiken App Kristianstad" "Bus, tog, færge o.l." #spiir
  spiir-id: "638813512374273323"
  Assets:Checking:Primary  -20.98 DKK
  Expenses:Transport:Public  20.98 DKK

2025-01-28 * "Langa Bryggan Bjarred Bjarred" "" #spiir
  spiir-id: "638813512374273590"
  Assets:Checking:Primary  -552.87 DKK
  Expenses:Uncategorized  552.87 DKK

2025-01-28 * "Langa Bryggan Bjarred Bjarred" "" #spiir
  spiir-id: "638813512374273849"
  Assets:Checking:Primary  -131.16 DKK
  Expenses:Uncategorized  131.16 DKK

2025-01-28 * "Skanetrafiken App Kristianstad" "Bus, tog, færge o.l." #spiir
  spiir-id: "638813512374274106"
  Assets:Checking:Primary  -39.35 DKK
  Expenses:Transport:Public  39.35 DKK

2025-01-28 * "Skanetrafiken App Kristianstad" "Bus, tog, færge o.l." #spiir
  spiir-id: "638813512374274369"
  Assets:Checking:Primary  -20.98 DKK
  Expenses:Transport:Public  20.98 DKK

2025-01-28 * "Valby Apotek /Ken" "Apotek & medicin" #spiir
  spiir-id: "638813513346447844"
  Assets:Checking:Dagligvarer  -169.20 DKK
  Expenses:Health:Pharmacy  169.20 DKK

2025-01-28 * "Kvickly Fr. Berg" "Dagligvarer" #spiir
  spiir-id: "638813513346448119"
  Assets:Checking:Dagligvarer  -78.95 DKK
  Expenses:Food:Groceries  78.95 DKK

2025-01-28 * "Hvidovre Apotek" "Apotek & medicin" #spiir
  spiir-id: "638813513346448386"
  Assets:Checking:Dagligvarer  -31.45 DKK
  Expenses:Health:Pharmacy  31.45 DKK

2025-01-28 * "Expfernandocamino Malaga" "" #spiir
  spiir-id: "638813513346448661"
  Assets:Checking:Dagligvarer  -67.26 DKK
  Expenses:Uncategorized  67.26 DKK

2025-01-28 * "Farmacia Castillon Malaga" "" #spiir
  spiir-id: "638813513346448938"
  Assets:Checking:Dagligvarer  -97.71 DKK
  Expenses:Uncategorized  97.71 DKK

2025-01-28 * "R-Bakery V/Rene Osterg Hvidovre" "Kiosk, bager & specialbutikker" #spiir
  spiir-id: "638813513346449197"
  Assets:Checking:Dagligvarer  -135.00 DKK
  Expenses:Food:Kiosk  135.00 DKK

2025-01-28 * "Yangyang Malaga" "" #spiir
  spiir-id: "638813513346449479"
  Assets:Checking:Dagligvarer  -112.86 DKK
  Expenses:Uncategorized  112.86 DKK

2025-01-28 * "Yangyang Malaga" "" #spiir
  spiir-id: "638813513346449745"
  Assets:Checking:Dagligvarer  -30.74 DKK
  Expenses:Uncategorized  30.74 DKK

2025-01-29 * "Copenhagen Coffee" "Bar, cafe & restaurant" #spiir
  spiir-id: "638813512374272327"
  Assets:Checking:Primary  -35.00 DKK
  Expenses:Food:Restaurant  35.00 DKK

2025-01-29 * "Copenhagen Coffee" "Bar, cafe & restaurant" #spiir
  spiir-id: "638813512374272583"
  Assets:Checking:Primary  -39.00 DKK
  Expenses:Food:Restaurant  39.00 DKK

2025-01-29 * "Copenhagen Coffee" "Bar, cafe & restaurant" #spiir
  spiir-id: "638813512374272833"
  Assets:Checking:Primary  -349.00 DKK
  Expenses:Food:Restaurant  349.00 DKK

2025-01-29 * "Til Dagligvarer" "Kontooverførsel" #spiir
  spiir-id: "638813512374273086"
  Assets:Checking:Primary  -1000.00 DKK
  Assets:Transfer  1000.00 DKK

2025-01-29 * "Coop365Str.lodsvej" "Dagligvarer" #spiir
  spiir-id: "638813513346446544"
  Assets:Checking:Dagligvarer  -280.05 DKK
  Expenses:Food:Groceries  280.05 DKK

2025-01-29 * "MobilePay Marina Runa Bergstrøm" "" #spiir
  spiir-id: "638813513346446795"
  Assets:Checking:Dagligvarer  -450.00 DKK
  Expenses:Uncategorized  450.00 DKK

2025-01-29 * "tipster.dk 7-2-5" "" #spiir
  spiir-id: "638813513346447055"
  Assets:Checking:Dagligvarer  -250.00 DKK
  Expenses:Uncategorized  250.00 DKK

2025-01-29 * "Til Dagligvarer" "Kontooverførsel" #spiir
  spiir-id: "638813513346447316"
  Assets:Checking:Dagligvarer  1000.00 DKK
  Assets:Transfer  -1000.00 DKK

2025-01-29 * "Fra Lee Ann Hollesen" "Dagligvarer" #spiir
  spiir-id: "638813513346447584"
  Assets:Checking:Dagligvarer  1000.00 DKK
  Expenses:Food:Groceries  -1000.00 DKK

2025-01-30 * "Dsb App" "Bus, tog, færge o.l." #spiir
  spiir-id: "638813512374271834"
  Assets:Checking:Primary  -22.00 DKK
  Expenses:Transport:Public  22.00 DKK

2025-01-30 * "Dsb App" "Bus, tog, færge o.l." #spiir
  spiir-id: "638813512374272087"
  Assets:Checking:Primary  -22.00 DKK
  Expenses:Transport:Public  22.00 DKK

2025-01-30 * "fiske Fisketorvet" "Dagligvarer" #spiir
  spiir-id: "638813513346446024"
  Assets:Checking:Dagligvarer  -143.95 DKK
  Expenses:Food:Groceries  143.95 DKK

2025-01-30 * "føtex Hvidovrevej" "Dagligvarer" #spiir
  spiir-id: "638813513346446290"
  Assets:Checking:Dagligvarer  -422.55 DKK
  Expenses:Food:Groceries  422.55 DKK

2025-01-31 * "Huslån - PRM" "Kontooverførsel" #spiir
  spiir-id: "638813512374271078"
  Assets:Checking:Primary  -8947.08 DKK
  Assets:Transfer  8947.08 DKK

2025-01-31 * "Nedbetaling huslån - PRM" "Kontooverførsel" #spiir
  spiir-id: "638813512374271332"
  Assets:Checking:Primary  -8947.08 DKK
  Assets:Transfer  8947.08 DKK

2025-01-31 * "Huslån - LAH" "Kontooverførsel" #spiir
  spiir-id: "638813513273924341"
  Assets:Checking:Fixed  8947.08 DKK
  Assets:Transfer  -8947.08 DKK

2025-01-31 * "Huslån - PRM" "Kontooverførsel" #spiir
  spiir-id: "638813513273924658"
  Assets:Checking:Fixed  8947.08 DKK
  Assets:Transfer  -8947.08 DKK

2025-01-31 * "Kft Jylland-KBH" "Dagligvarer" #spiir
  spiir-id: "638813513346445255"
  Assets:Checking:Dagligvarer  -432.47 DKK
  Expenses:Food:Groceries  432.47 DKK

2025-01-31 * "Ume Asian Supermar" "Dagligvarer" #spiir
  spiir-id: "638813513346445521"
  Assets:Checking:Dagligvarer  -128.65 DKK
  Expenses:Food:Groceries  128.65 DKK

2025-01-31 * "Meny Valby, Toften" "Dagligvarer" #spiir
  spiir-id: "638813513346445774"
  Assets:Checking:Dagligvarer  -88.90 DKK
  Expenses:Food:Groceries  88.90 DKK

2025-02-01 * "Lønoverførsel" "Løn" #spiir
  spiir-id: "638813512374271586"
  Assets:Checking:Primary  45906.00 DKK
  Income:Salary  -45906.00 DKK

2025-02-03 * "Apotek Fisketorvet" "Apotek & medicin" #spiir
  spiir-id: "638813512374267856"
  Assets:Checking:Primary  -60.95 DKK
  Expenses:Health:Pharmacy  60.95 DKK

2025-02-03 * "Tandforsikring - PRM" "Kontooverførsel" #spiir
  spiir-id: "638813512374268094"
  Assets:Checking:Primary  -60.00 DKK
  Assets:Transfer  60.00 DKK

2025-02-03 * "Spotify" "Kontooverførsel" #spiir
  spiir-id: "638813512374268341"
  Assets:Checking:Primary  -97.00 DKK
  Assets:Transfer  97.00 DKK

2025-02-03 * "Bilforsikr, afgift - PRM" "Kontooverførsel" #spiir
  spiir-id: "638813512374268590"
  Assets:Checking:Primary  -250.00 DKK
  Assets:Transfer  250.00 DKK

2025-02-03 * "Hus, indboforsikr - PRM" "Kontooverførsel" #spiir
  spiir-id: "638813512374268840"
  Assets:Checking:Primary  -347.00 DKK
  Assets:Transfer  347.00 DKK

2025-02-03 * "Ulykkesforsikring" "Kontooverførsel" #spiir
  spiir-id: "638813512374269085"
  Assets:Checking:Primary  -539.50 DKK
  Assets:Transfer  539.50 DKK

2025-02-03 * "El, vand og varme - PRM" "Kontooverførsel" #spiir
  spiir-id: "638813512374269327"
  Assets:Checking:Primary  -1084.00 DKK
  Assets:Transfer  1084.00 DKK

2025-02-03 * "Ejendommensskat - PRM" "Kontooverførsel" #spiir
  spiir-id: "638813512374269579"
  Assets:Checking:Primary  -1224.50 DKK
  Assets:Transfer  1224.50 DKK

2025-02-03 * "Vuggestue - PRM" "Kontooverførsel" #spiir
  spiir-id: "638813512374269819"
  Assets:Checking:Primary  -2010.50 DKK
  Assets:Transfer  2010.50 DKK

2025-02-03 * "Dagligvarer - PRM" "Kontooverførsel" #spiir
  spiir-id: "638813512374270070"
  Assets:Checking:Primary  -3500.00 DKK
  Assets:Transfer  3500.00 DKK

2025-02-03 * "iCloud Fastefæll.udgifte" "Kontooverførsel" #spiir
  spiir-id: "638813512374270309"
  Assets:Checking:Primary  69.00 DKK
  Assets:Transfer  -69.00 DKK

2025-02-03 * "hiper.dk" "Telefoni & internet" #spiir
  spiir-id: "638813512374270568"
  Assets:Checking:Primary  -339.00 DKK
  Expenses:Subscriptions:Telecom  339.00 DKK

2025-02-03 * "3 Danmark Koebenhavn SV" "Telefoni & internet" #spiir
  spiir-id: "638813512374270810"
  Assets:Checking:Primary  -261.76 DKK
  Expenses:Subscriptions:Telecom  261.76 DKK

2025-02-03 * "Tandforsikring - LAH" "Kontooverførsel" #spiir
  spiir-id: "638813513273917965"
  Assets:Checking:Fixed  60.00 DKK
  Assets:Transfer  -60.00 DKK

2025-02-03 * "Spotify" "Kontooverførsel" #spiir
  spiir-id: "638813513273918290"
  Assets:Checking:Fixed  97.00 DKK
  Assets:Transfer  -97.00 DKK

2025-02-03 * "Bilforsikr, afgift - LAH" "Kontooverførsel" #spiir
  spiir-id: "638813513273918596"
  Assets:Checking:Fixed  250.00 DKK
  Assets:Transfer  -250.00 DKK

2025-02-03 * "Hus, indboforsikr - LAH" "Kontooverførsel" #spiir
  spiir-id: "638813513273918906"
  Assets:Checking:Fixed  347.00 DKK
  Assets:Transfer  -347.00 DKK

2025-02-03 * "El, vand og varme - LAH" "Kontooverførsel" #spiir
  spiir-id: "638813513273919218"
  Assets:Checking:Fixed  1084.00 DKK
  Assets:Transfer  -1084.00 DKK

2025-02-03 * "Ejendomsskat - LAH" "Kontooverførsel" #spiir
  spiir-id: "638813513273919530"
  Assets:Checking:Fixed  1224.50 DKK
  Assets:Transfer  -1224.50 DKK

2025-02-03 * "Vuggestue - LAH" "Kontooverførsel" #spiir
  spiir-id: "638813513273919839"
  Assets:Checking:Fixed  2010.50 DKK
  Assets:Transfer  -2010.50 DKK

2025-02-03 * "Tandforsikring - PRM" "Sundheds- & sygeforsikring" #spiir
  spiir-id: "638813513273920136"
  Assets:Checking:Fixed  60.00 DKK
  Expenses:Insurance:Health  -60.00 DKK

2025-02-03 * "Spotify" "Film, musik & læsestof" #spiir
  spiir-id: "638813513273920440"
  Assets:Checking:Fixed  97.00 DKK
  Expenses:Entertainment:Media  -97.00 DKK

2025-02-03 * "Bilforsikr, afgift - PRM" "Bilforsikring & autohjælp" #spiir
  spiir-id: "638813513273920732"
  Assets:Checking:Fixed  250.00 DKK
  Expenses:Car:Insurance  -250.00 DKK

2025-02-03 * "Hus, indboforsikr - PRM" "Husforsikring" #spiir
  spiir-id: "638813513273921065"
  Assets:Checking:Fixed  347.00 DKK
  Expenses:House:Insurance  -347.00 DKK

2025-02-03 * "Ulykkesforsikring - PRM" "Kontooverførsel" #spiir
  spiir-id: "638813513273921389"
  Assets:Checking:Fixed  539.50 DKK
  Assets:Transfer  -539.50 DKK

2025-02-03 * "El, vand og varme - PRM" "El, vand, varme & renovation" #spiir
  spiir-id: "638813513273921713"
  Assets:Checking:Fixed  1084.00 DKK
  Expenses:House:Heating  -1084.00 DKK

2025-02-03 * "Ejendommensskat - PRM" "Ejendomsskat" #spiir
  spiir-id: "638813513273922024"
  Assets:Checking:Fixed  1224.50 DKK
  Expenses:House:Tax  -1224.50 DKK

2025-02-03 * "Vuggestue - PRM" "Institution" #spiir
  spiir-id: "638813513273922355"
  Assets:Checking:Fixed  2010.50 DKK
  Expenses:Kids:Institution  -2010.50 DKK

2025-02-03 * "iCloud" "Kontooverførsel" #spiir
  spiir-id: "638813513273922649"
  Assets:Checking:Fixed  -69.00 DKK
  Assets:Transfer  69.00 DKK

2025-02-03 * "Hvidovre kommune" "Institution" #spiir
  spiir-id: "638813513273922937"
  Assets:Checking:Fixed  -6136.00 DKK
  Expenses:Kids:Institution  6136.00 DKK

2025-02-03 * "Realkredit Danmark" "Boliglån/husleje" #spiir
  spiir-id: "638813513273923225"
  Assets:Checking:Fixed  -14595.93 DKK
  Expenses:House:Mortgage  14595.93 DKK

2025-02-03 * "Tryg" "Indbo- & familieforsikring" #spiir
  spiir-id: "638813513273923528"
  Assets:Checking:Fixed  -1151.38 DKK
  Expenses:House:Contents-Insurance  1151.38 DKK

2025-02-03 * "Tryg" "Indbo- & familieforsikring" #spiir
  spiir-id: "638813513273923800"
  Assets:Checking:Fixed  -588.80 DKK
  Expenses:House:Contents-Insurance  588.80 DKK

2025-02-03 * "Tryg" "Indbo- & familieforsikring" #spiir
  spiir-id: "638813513273924055"
  Assets:Checking:Fixed  -402.78 DKK
  Expenses:House:Contents-Insurance  402.78 DKK

2025-02-03 * "Lidl" "Dagligvarer" #spiir
  spiir-id: "638813513346442440"
  Assets:Checking:Dagligvarer  -68.15 DKK
  Expenses:Food:Groceries  68.15 DKK

2025-02-03 * "Netto Gl. Køge Lan" "Dagligvarer" #spiir
  spiir-id: "638813513346442692"
  Assets:Checking:Dagligvarer  -177.85 DKK
  Expenses:Food:Groceries  177.85 DKK

2025-02-03 * "Fællesudgifter" "Kontooverførsel" #spiir
  spiir-id: "638813513346442955"
  Assets:Checking:Dagligvarer  3500.00 DKK
  Assets:Transfer  -3500.00 DKK

2025-02-03 * "Dagligvarer - PRM" "Dagligvarer" #spiir
  spiir-id: "638813513346443201"
  Assets:Checking:Dagligvarer  3500.00 DKK
  Expenses:Food:Groceries  -3500.00 DKK

2025-02-03 * "365discount Hvidov" "Dagligvarer" #spiir
  spiir-id: "638813513346443451"
  Assets:Checking:Dagligvarer  -99.55 DKK
  Expenses:Food:Groceries  99.55 DKK

2025-02-03 * "Netto Hvidovrevej" "Dagligvarer" #spiir
  spiir-id: "638813513346443713"
  Assets:Checking:Dagligvarer  -195.65 DKK
  Expenses:Food:Groceries  195.65 DKK

2025-02-03 * "Netto Hvidovrevej" "Dagligvarer" #spiir
  spiir-id: "638813513346443999"
  Assets:Checking:Dagligvarer  21.90 DKK
  Expenses:Food:Groceries  -21.90 DKK

2025-02-03 * "365discount Hvidov" "Dagligvarer" #spiir
  spiir-id: "638813513346444283"
  Assets:Checking:Dagligvarer  -36.95 DKK
  Expenses:Food:Groceries  36.95 DKK

2025-02-03 * "Netto Gl. Køge Lan" "Dagligvarer" #spiir
  spiir-id: "638813513346444660"
  Assets:Checking:Dagligvarer  -77.50 DKK
  Expenses:Food:Groceries  77.50 DKK

2025-02-03 * "Lidl" "Dagligvarer" #spiir
  spiir-id: "638813513346444962"
  Assets:Checking:Dagligvarer  -161.94 DKK
  Expenses:Food:Groceries  161.94 DKK

2025-02-04 * "Apple.Com/Bill" "Online services & software" #spiir
  spiir-id: "638813512374267576"
  Assets:Checking:Primary  -499.00 DKK
  Expenses:Subscriptions:Software  499.00 DKK

2025-02-04 * "Lidl" "Dagligvarer" #spiir
  spiir-id: "638813513346441876"
  Assets:Checking:Dagligvarer  -348.08 DKK
  Expenses:Food:Groceries  348.08 DKK

2025-02-04 * "Parkman" "Parkering" #spiir
  spiir-id: "638813513346442143"
  Assets:Checking:Dagligvarer  -81.98 DKK
  Expenses:Car:Parking  81.98 DKK

2025-02-05 * "Sydkorea" "" #spiir
  spiir-id: "638813512374266298"
  Assets:Checking:Primary  -6804.50 DKK
  Expenses:Uncategorized  6804.50 DKK

2025-02-05 * "Fra faste fællesudgifter" "Kontooverførsel" #spiir
  spiir-id: "638813512374266546"
  Assets:Checking:Primary  10000.00 DKK
  Assets:Transfer  -10000.00 DKK

2025-02-05 * "Skileje - Silas" "Kontooverførsel" #spiir
  spiir-id: "638813512374266813"
  Assets:Checking:Primary  -450.00 DKK
  Assets:Transfer  450.00 DKK

2025-02-05 * "MobilePay Silas Stoltenberg Addingt" "" #spiir
  spiir-id: "638813512374267063"
  Assets:Checking:Primary  -1000.00 DKK
  Expenses:Uncategorized  1000.00 DKK

2025-02-05 * "Ida Ingeniørfore. i Danm" "Fagforening & a-kasse" #spiir
  spiir-id: "638813512374267337"
  Assets:Checking:Primary  -878.25 DKK
  Expenses:Insurance:Union  878.25 DKK

2025-02-05 * "Fra faste fællesudgifter" "Kontooverførsel" #spiir
  spiir-id: "638813513273917303"
  Assets:Checking:Fixed  -10000.00 DKK
  Assets:Transfer  10000.00 DKK

2025-02-05 * "Fra FFU" "" #spiir
  spiir-id: "638813513273917659"
  Assets:Checking:Fixed  -10000.00 DKK
  Expenses:Uncategorized  10000.00 DKK

2025-02-05 * "Børneloppen Valby" "Babyudstyr" #spiir
  spiir-id: "638813513346441033"
  Assets:Checking:Dagligvarer  -157.50 DKK
  Expenses:Kids:Baby  157.50 DKK

2025-02-05 * "Skileje - Silas" "Kontooverførsel" #spiir
  spiir-id: "638813513346441322"
  Assets:Checking:Dagligvarer  450.00 DKK
  Assets:Transfer  -450.00 DKK

2025-02-05 * "Parkering" "Parkering" #spiir
  spiir-id: "638813513346441606"
  Assets:Checking:Dagligvarer  105.00 DKK
  Expenses:Car:Parking  -105.00 DKK

2025-02-06 * "Evida Service Nord A/S" "El, vand, varme & renovation" #spiir
  spiir-id: "638813513273917015"
  Assets:Checking:Fixed  -2416.67 DKK
  Expenses:House:Heating  2416.67 DKK

2025-02-06 * "Kirppu Valby" "Tøj, sko & accessories" #spiir
  spiir-id: "638813513346440188"
  Assets:Checking:Dagligvarer  -125.50 DKK
  Expenses:Shopping:Clothing  125.50 DKK

2025-02-06 * "Lidl" "Dagligvarer" #spiir
  spiir-id: "638813513346440450"
  Assets:Checking:Dagligvarer  -61.90 DKK
  Expenses:Food:Groceries  61.90 DKK

2025-02-06 * "Kft Jylland-KBH" "Dagligvarer" #spiir
  spiir-id: "638813513346440754"
  Assets:Checking:Dagligvarer  -115.85 DKK
  Expenses:Food:Groceries  115.85 DKK

2025-02-07 * "Dsb App" "Bus, tog, færge o.l." #spiir
  spiir-id: "638813512374265554"
  Assets:Checking:Primary  -22.00 DKK
  Expenses:Transport:Public  22.00 DKK

2025-02-07 * "Dsb App" "Bus, tog, færge o.l." #spiir
  spiir-id: "638813512374265793"
  Assets:Checking:Primary  -42.00 DKK
  Expenses:Transport:Public  42.00 DKK

2025-02-07 * "Tryg" "Indbo- & familieforsikring" #spiir
  spiir-id: "638813512374266043"
  Assets:Checking:Primary  991.79 DKK
  Expenses:House:Contents-Insurance  -991.79 DKK

2025-02-10 * "Dsb App" "Bus, tog, færge o.l." #spiir
  spiir-id: "638813512374264274"
  Assets:Checking:Primary  -43.00 DKK
  Expenses:Transport:Public  43.00 DKK

2025-02-10 * "Friluftsland A/S" "Tøj, sko & accessories" #spiir
  spiir-id: "638813512374264526"
  Assets:Checking:Primary  -418.00 DKK
  Expenses:Shopping:Clothing  418.00 DKK

2025-02-10 * "The Laundromat Caf" "Bar, cafe & restaurant" #spiir
  spiir-id: "638813512374264790"
  Assets:Checking:Primary  -123.00 DKK
  Expenses:Food:Restaurant  123.00 DKK

2025-02-10 * "Dsb App" "Bus, tog, færge o.l." #spiir
  spiir-id: "638813512374265046"
  Assets:Checking:Primary  -19.00 DKK
  Expenses:Transport:Public  19.00 DKK

2025-02-10 * "Dsb App" "Bus, tog, færge o.l." #spiir
  spiir-id: "638813512374265294"
  Assets:Checking:Primary  -17.60 DKK
  Expenses:Transport:Public  17.60 DKK

2025-02-10 * "Den Kinesiske Købm" "Dagligvarer" #spiir
  spiir-id: "638813513346438171"
  Assets:Checking:Dagligvarer  -191.00 DKK
  Expenses:Food:Groceries  191.00 DKK

2025-02-10 * "Børneloppen Valby" "Babyudstyr" #spiir
  spiir-id: "638813513346438433"
  Assets:Checking:Dagligvarer  -220.50 DKK
  Expenses:Kids:Baby  220.50 DKK

2025-02-10 * "Kvickly Hvidovre" "Dagligvarer" #spiir
  spiir-id: "638813513346439078"
  Assets:Checking:Dagligvarer  -182.45 DKK
  Expenses:Food:Groceries  182.45 DKK

2025-02-10 * "Kvickly Hvidovre" "Dagligvarer" #spiir
  spiir-id: "638813513346439376"
  Assets:Checking:Dagligvarer  -68.90 DKK
  Expenses:Food:Groceries  68.90 DKK

2025-02-10 * "REMA 1000 Hvidovre" "Dagligvarer" #spiir
  spiir-id: "638813513346439651"
  Assets:Checking:Dagligvarer  -167.80 DKK
  Expenses:Food:Groceries  167.80 DKK

2025-02-10 * "Lidl" "Dagligvarer" #spiir
  spiir-id: "638813513346439917"
  Assets:Checking:Dagligvarer  -194.63 DKK
  Expenses:Food:Groceries  194.63 DKK

2025-02-11 * "Dsb App" "Bus, tog, færge o.l." #spiir
  spiir-id: "638813512374263709"
  Assets:Checking:Primary  -22.00 DKK
  Expenses:Transport:Public  22.00 DKK

2025-02-11 * "Dsb App" "Bus, tog, færge o.l." #spiir
  spiir-id: "638813512374264022"
  Assets:Checking:Primary  -22.00 DKK
  Expenses:Transport:Public  22.00 DKK

2025-02-11 * "Apotek Fisketorvet" "Apotek & medicin" #spiir
  spiir-id: "638813513346436745"
  Assets:Checking:Dagligvarer  -56.95 DKK
  Expenses:Health:Pharmacy  56.95 DKK

2025-02-11 * "Photobox SAS SARTROUVILLE" "Gaver & velgørenhed" #spiir
  spiir-id: "638813513346437018"
  Assets:Checking:Dagligvarer  -473.67 DKK
  Expenses:Gifts  473.67 DKK

2025-02-11 * "Andersen og Maillard Kobenhavn N" "Bar, cafe & restaurant" #spiir
  spiir-id: "638813513346437313"
  Assets:Checking:Dagligvarer  -224.00 DKK
  Expenses:Food:Restaurant  224.00 DKK

2025-02-11 * "Apple.Com/Bill" "Online services & software" #spiir
  spiir-id: "638813513346437601"
  Assets:Checking:Dagligvarer  -19.00 DKK
  Expenses:Subscriptions:Software  19.00 DKK

2025-02-11 * "Apple.Com/Bill" "Online services & software" #spiir
  spiir-id: "638813513346437891"
  Assets:Checking:Dagligvarer  -9.00 DKK
  Expenses:Subscriptions:Software  9.00 DKK

2025-02-12 * "Trekroner Apotek" "Apotek & medicin" #spiir
  spiir-id: "638813512374263155"
  Assets:Checking:Primary  -54.05 DKK
  Expenses:Health:Pharmacy  54.05 DKK

2025-02-12 * "MobilePay Lee Ann Hollesen Basse" "" #spiir
  spiir-id: "638813512374263438"
  Assets:Checking:Primary  209.00 DKK
  Expenses:Uncategorized  -209.00 DKK

2025-02-12 * "REMA 1000 Valby" "Dagligvarer" #spiir
  spiir-id: "638813513346435835"
  Assets:Checking:Dagligvarer  -127.80 DKK
  Expenses:Food:Groceries  127.80 DKK

2025-02-12 * "Allé Konditoriet A" "Kiosk, bager & specialbutikker" #spiir
  spiir-id: "638813513346436133"
  Assets:Checking:Dagligvarer  -40.00 DKK
  Expenses:Food:Kiosk  40.00 DKK

2025-02-12 * "Tog til Hamborg" "" #spiir
  spiir-id: "638813513346436429"
  Assets:Checking:Dagligvarer  570.00 DKK
  Expenses:Uncategorized  -570.00 DKK

2025-02-13 * "Udl. kortbetaling, 1.50% af DKK -10" "Bankgebyrer" #spiir
  spiir-id: "638813512374262549"
  Assets:Checking:Primary  -1.63 DKK
  Expenses:Bank:Fees  1.63 DKK

2025-02-13 * "Audible*G10Q83EV3 Amzn.com/bill" "" #spiir
  spiir-id: "638813512374262829"
  Assets:Checking:Primary  -108.41 DKK
  Expenses:Uncategorized  108.41 DKK

2025-02-13 * "Bodenhoffs Bageri" "Kiosk, bager & specialbutikker" #spiir
  spiir-id: "638813513346433804"
  Assets:Checking:Dagligvarer  -37.00 DKK
  Expenses:Food:Kiosk  37.00 DKK

2025-02-13 * "Meny Valby, Toften" "Dagligvarer" #spiir
  spiir-id: "638813513346434088"
  Assets:Checking:Dagligvarer  -38.00 DKK
  Expenses:Food:Groceries  38.00 DKK

2025-02-13 * "Meny Valby, Toften" "Dagligvarer" #spiir
  spiir-id: "638813513346434352"
  Assets:Checking:Dagligvarer  -193.75 DKK
  Expenses:Food:Groceries  193.75 DKK

2025-02-13 * "Børneloppen Valby" "Babyudstyr" #spiir
  spiir-id: "638813513346434638"
  Assets:Checking:Dagligvarer  -77.50 DKK
  Expenses:Kids:Baby  77.50 DKK

2025-02-13 * "billetto.dk 0r359" "" #spiir
  spiir-id: "638813513346434926"
  Assets:Checking:Dagligvarer  -50.00 DKK
  Expenses:Uncategorized  50.00 DKK

2025-02-13 * "Miele A/S Glostrup" "Møbler & boligudstyr" #spiir
  spiir-id: "638813513346435234"
  Assets:Checking:Dagligvarer  -2849.00 DKK
  Expenses:Shopping:Furniture  2849.00 DKK

2025-02-13 * "Disney Plus 800-022-1476" "TV & streaming" #spiir
  spiir-id: "638813513346435526"
  Assets:Checking:Dagligvarer  -49.00 DKK
  Expenses:Subscriptions:Streaming  49.00 DKK

2025-02-14 * "Dsb App" "Bus, tog, færge o.l." #spiir
  spiir-id: "638813512374261437"
  Assets:Checking:Primary  -22.00 DKK
  Expenses:Transport:Public  22.00 DKK

2025-02-14 * "Dsb App" "Bus, tog, færge o.l." #spiir
  spiir-id: "638813512374261704"
  Assets:Checking:Primary  -22.00 DKK
  Expenses:Transport:Public  22.00 DKK

2025-02-14 * "Udl. kortbetaling, 1.50% af DKK -25" "Ferieaktiviteter" #spiir
  spiir-id: "638813512374261973"
  Assets:Checking:Primary  -3.80 DKK
  Expenses:Travel:Activities  3.80 DKK

2025-02-14 * "Rpstrength Rpstrength.Co" "" #spiir
  spiir-id: "638813512374262244"
  Assets:Checking:Primary  -253.61 DKK
  Expenses:Uncategorized  253.61 DKK

2025-02-14 * "Dsb Udland Taastrup" "Bus, tog, færge o.l." #spiir
  spiir-id: "638813513346433204"
  Assets:Checking:Dagligvarer  -570.00 DKK
  Expenses:Transport:Public  570.00 DKK

2025-02-14 * "Google Nest g.co/helppayÆ" "Alarmsystem" #spiir
  spiir-id: "638813513346433507"
  Assets:Checking:Dagligvarer  -40.00 DKK
  Expenses:House:Alarm  40.00 DKK

2025-02-16 * "Til Dagligvarer" "Kontooverførsel" #spiir
  spiir-id: "638813512374261154"
  Assets:Checking:Primary  -2000.00 DKK
  Assets:Transfer  2000.00 DKK

2025-02-16 * "Cybex" "Kontooverførsel" #spiir
  spiir-id: "638813513346432623"
  Assets:Checking:Dagligvarer  2000.00 DKK
  Assets:Transfer  -2000.00 DKK

2025-02-16 * "Til Dagligvarer" "Dagligvarer" #spiir
  spiir-id: "638813513346432906"
  Assets:Checking:Dagligvarer  2000.00 DKK
  Expenses:Food:Groceries  -2000.00 DKK

2025-02-17 * "Jia Yuan ApS" "Dagligvarer" #spiir
  spiir-id: "638813513346365455"
  Assets:Checking:Dagligvarer  -67.00 DKK
  Expenses:Food:Groceries  67.00 DKK

2025-02-17 * "Matas" "Frisør & personlig pleje" #spiir
  spiir-id: "638813513346365730"
  Assets:Checking:Dagligvarer  -75.90 DKK
  Expenses:Shopping:Personal-Care  75.90 DKK

2025-02-17 * "Hija de Sanchez Ca" "Bar, cafe & restaurant" #spiir
  spiir-id: "638813513346366010"
  Assets:Checking:Dagligvarer  -195.00 DKK
  Expenses:Food:Restaurant  195.00 DKK

2025-02-17 * "Dagli Brugsen" "Dagligvarer" #spiir
  spiir-id: "638813513346366298"
  Assets:Checking:Dagligvarer  -157.75 DKK
  Expenses:Food:Groceries  157.75 DKK

2025-02-17 * "MobilePay Ella Hollesen Schefe" "" #spiir
  spiir-id: "638813513346366594"
  Assets:Checking:Dagligvarer  -250.00 DKK
  Expenses:Uncategorized  250.00 DKK

2025-02-17 * "Lidl" "Dagligvarer" #spiir
  spiir-id: "638813513346431343"
  Assets:Checking:Dagligvarer  -68.00 DKK
  Expenses:Food:Groceries  68.00 DKK

2025-02-17 * "Hvidovre Sport Pou" "Sport & fritid" #spiir
  spiir-id: "638813513346431988"
  Assets:Checking:Dagligvarer  -249.00 DKK
  Expenses:Entertainment:Sports  249.00 DKK

2025-02-17 * "Netto Gl. Køge Lan" "Dagligvarer" #spiir
  spiir-id: "638813513346432298"
  Assets:Checking:Dagligvarer  -235.85 DKK
  Expenses:Food:Groceries  235.85 DKK

2025-02-18 * "MobilePay Gavebilen.dk" "" #spiir
  spiir-id: "638813512374260874"
  Assets:Checking:Primary  -200.00 DKK
  Expenses:Uncategorized  200.00 DKK

2025-02-18 * "pixizoo.dk" "Babyudstyr" #spiir
  spiir-id: "638813513346364229"
  Assets:Checking:Dagligvarer  -1368.10 DKK
  Expenses:Kids:Baby  1368.10 DKK

2025-02-18 * "LOOMISP* Cakes & Frien Valby" "" #spiir
  spiir-id: "638813513346364518"
  Assets:Checking:Dagligvarer  -28.00 DKK
  Expenses:Uncategorized  28.00 DKK

2025-02-18 * "LOOMISP* Cakes & Frien Valby" "" #spiir
  spiir-id: "638813513346364828"
  Assets:Checking:Dagligvarer  -19.00 DKK
  Expenses:Uncategorized  19.00 DKK

2025-02-18 * "LOOMISP* Cakes & Frien Valby" "" #spiir
  spiir-id: "638813513346365128"
  Assets:Checking:Dagligvarer  -23.00 DKK
  Expenses:Uncategorized  23.00 DKK

2025-02-19 * "Spotify" "Film, musik & læsestof" #spiir
  spiir-id: "638813513346363939"
  Assets:Checking:Dagligvarer  -149.00 DKK
  Expenses:Entertainment:Media  149.00 DKK

2025-02-20 * "Dsb App" "Bus, tog, færge o.l." #spiir
  spiir-id: "638813512374259729"
  Assets:Checking:Primary  -19.00 DKK
  Expenses:Transport:Public  19.00 DKK

2025-02-20 * "Dsb App" "Bus, tog, færge o.l." #spiir
  spiir-id: "638813512374259997"
  Assets:Checking:Primary  -43.75 DKK
  Expenses:Transport:Public  43.75 DKK

2025-02-20 * "Dsb App" "Bus, tog, færge o.l." #spiir
  spiir-id: "638813512374260310"
  Assets:Checking:Primary  -22.00 DKK
  Expenses:Transport:Public  22.00 DKK

2025-02-20 * "AMZN Mktp DE" "Andet privatforbrug" #spiir
  spiir-id: "638813512374260572"
  Assets:Checking:Primary  -1349.40 DKK
  Expenses:Shopping:Other  1349.40 DKK

2025-02-20 * "Apple.Com/Bill" "Online services & software" #spiir
  spiir-id: "638813513346363634"
  Assets:Checking:Dagligvarer  -89.00 DKK
  Expenses:Subscriptions:Software  89.00 DKK

2025-02-21 * "Dsb App" "Bus, tog, færge o.l." #spiir
  spiir-id: "638813512374259188"
  Assets:Checking:Primary  -22.00 DKK
  Expenses:Transport:Public  22.00 DKK

2025-02-21 * "Dsb App" "Bus, tog, færge o.l." #spiir
  spiir-id: "638813512374259453"
  Assets:Checking:Primary  -22.00 DKK
  Expenses:Transport:Public  22.00 DKK

2025-02-21 * "MobilePay RetNemt" "Dagligvarer" #spiir
  spiir-id: "638813513346362500"
  Assets:Checking:Dagligvarer  -437.30 DKK
  Expenses:Food:Groceries  437.30 DKK

2025-02-21 * "tipster.dk 2-2-4" "Bar, cafe & restaurant" #spiir
  spiir-id: "638813513346362778"
  Assets:Checking:Dagligvarer  -200.00 DKK
  Expenses:Food:Restaurant  200.00 DKK

2025-02-21 * "DSB 7-Eleven NPPer" "Kiosk, bager & specialbutikker" #spiir
  spiir-id: "638813513346363076"
  Assets:Checking:Dagligvarer  -25.00 DKK
  Expenses:Food:Kiosk  25.00 DKK

2025-02-22 * "MobilePay Mødrehjælpen Hvidovre Rød" "Gaver & velgørenhed" #spiir
  spiir-id: "638813513346362216"
  Assets:Checking:Dagligvarer  -15.00 DKK
  Expenses:Gifts  15.00 DKK

2025-02-23 * "Saxo Bank ASK" "Værdipapirshandel" #spiir
  spiir-id: "638813512374258673"
  Assets:Checking:Primary  -6825.00 DKK
  Assets:Savings:Investments  6825.00 DKK

2025-02-23 * "ratepension" "Pensionsopsparing" #spiir
  spiir-id: "638813512374258926"
  Assets:Checking:Primary  -6441.00 DKK
  Assets:Savings:Pension  6441.00 DKK

2025-02-24 * "Boulders ApS" "Sport & fritid" #spiir
  spiir-id: "638813512374257854"
  Assets:Checking:Primary  -30.00 DKK
  Expenses:Entertainment:Sports  30.00 DKK

2025-02-24 * "Til Dagligvarer" "Kontooverførsel" #spiir
  spiir-id: "638813512374258134"
  Assets:Checking:Primary  -1500.00 DKK
  Assets:Transfer  1500.00 DKK

2025-02-24 * "Torve Cafeen" "Bar, cafe & restaurant" #spiir
  spiir-id: "638813512374258402"
  Assets:Checking:Primary  -35.00 DKK
  Expenses:Food:Restaurant  35.00 DKK

2025-02-24 * "Allé Konditoriet A" "Kiosk, bager & specialbutikker" #spiir
  spiir-id: "638813513346358967"
  Assets:Checking:Dagligvarer  -55.00 DKK
  Expenses:Food:Kiosk  55.00 DKK

2025-02-24 * "Lidl" "Dagligvarer" #spiir
  spiir-id: "638813513346359239"
  Assets:Checking:Dagligvarer  -242.39 DKK
  Expenses:Food:Groceries  242.39 DKK

2025-02-24 * "Fra Lee Ann Hollesen" "Kontooverførsel" #spiir
  spiir-id: "638813513346359515"
  Assets:Checking:Dagligvarer  1500.00 DKK
  Assets:Transfer  -1500.00 DKK

2025-02-24 * "Til Dagligvarer" "Dagligvarer" #spiir
  spiir-id: "638813513346359781"
  Assets:Checking:Dagligvarer  1500.00 DKK
  Expenses:Food:Groceries  -1500.00 DKK

2025-02-24 * "Boulders Amager" "Sport & fritid" #spiir
  spiir-id: "638813513346360042"
  Assets:Checking:Dagligvarer  -30.00 DKK
  Expenses:Entertainment:Sports  30.00 DKK

2025-02-24 * "Lidl" "Dagligvarer" #spiir
  spiir-id: "638813513346360328"
  Assets:Checking:Dagligvarer  -56.85 DKK
  Expenses:Food:Groceries  56.85 DKK

2025-02-24 * "Boulders Amager" "Sport & fritid" #spiir
  spiir-id: "638813513346360608"
  Assets:Checking:Dagligvarer  -30.00 DKK
  Expenses:Entertainment:Sports  30.00 DKK

2025-02-24 * "Uno-X 698 Kbh SV E" "Brændstof" #spiir
  spiir-id: "638813513346360880"
  Assets:Checking:Dagligvarer  -513.82 DKK
  Expenses:Car:Gas  513.82 DKK

2025-02-24 * "Ume Asian Supermar" "Dagligvarer" #spiir
  spiir-id: "638813513346361151"
  Assets:Checking:Dagligvarer  -280.35 DKK
  Expenses:Food:Groceries  280.35 DKK

2025-02-24 * "Netto Hvidovrevej" "Dagligvarer" #spiir
  spiir-id: "638813513346361439"
  Assets:Checking:Dagligvarer  -329.10 DKK
  Expenses:Food:Groceries  329.10 DKK

2025-02-24 * "Lidl" "Dagligvarer" #spiir
  spiir-id: "638813513346361707"
  Assets:Checking:Dagligvarer  -215.86 DKK
  Expenses:Food:Groceries  215.86 DKK

2025-02-24 * "Hvidovre Apotek" "Apotek & medicin" #spiir
  spiir-id: "638813513346361964"
  Assets:Checking:Dagligvarer  -70.80 DKK
  Expenses:Health:Pharmacy  70.80 DKK

2025-02-25 * "Udl. kortbetaling, 1.50% af DKK -68" "Bankgebyrer" #spiir
  spiir-id: "638813512374256774"
  Assets:Checking:Primary  -10.27 DKK
  Expenses:Bank:Fees  10.27 DKK

2025-02-25 * "Readwise Readwise.Io" "" #spiir
  spiir-id: "638813512374257019"
  Assets:Checking:Primary  -684.61 DKK
  Expenses:Uncategorized  684.61 DKK

2025-02-25 * "Sp Rep Fitness Taastrup" "" #spiir
  spiir-id: "638813512374257287"
  Assets:Checking:Primary  -11793.85 DKK
  Expenses:Uncategorized  11793.85 DKK

2025-02-25 * "Return unplaceable pmt" "Anden indkomst" #spiir
  spiir-id: "638813512374257584"
  Assets:Checking:Primary  6825.00 DKK
  Income:Other  -6825.00 DKK

2025-02-25 * "LA tøj" "" #spiir
  spiir-id: "638813513346357529"
  Assets:Checking:Dagligvarer  322.00 DKK
  Expenses:Uncategorized  -322.00 DKK

2025-02-25 * "Polonus Copenhagen" "Dagligvarer" #spiir
  spiir-id: "638813513346357804"
  Assets:Checking:Dagligvarer  -92.00 DKK
  Expenses:Food:Groceries  92.00 DKK

2025-02-25 * "Valby Apotek /Ken" "Apotek & medicin" #spiir
  spiir-id: "638813513346358063"
  Assets:Checking:Dagligvarer  -139.95 DKK
  Expenses:Health:Pharmacy  139.95 DKK

2025-02-25 * "KEBABISTAN Koebenhavn s" "Fastfood & takeaway" #spiir
  spiir-id: "638813513346358356"
  Assets:Checking:Dagligvarer  -195.00 DKK
  Expenses:Food:Takeaway  195.00 DKK

2025-02-25 * "R-Bakery V/Rene Osterg Hvidovre" "Kiosk, bager & specialbutikker" #spiir
  spiir-id: "638813513346358651"
  Assets:Checking:Dagligvarer  -182.00 DKK
  Expenses:Food:Kiosk  182.00 DKK

2025-02-26 * "Hvidovre Apotek" "Apotek & medicin" #spiir
  spiir-id: "638813512374256515"
  Assets:Checking:Primary  -299.50 DKK
  Expenses:Health:Pharmacy  299.50 DKK

2025-02-26 * "Lidl" "Dagligvarer" #spiir
  spiir-id: "638813513346357278"
  Assets:Checking:Dagligvarer  -177.78 DKK
  Expenses:Food:Groceries  177.78 DKK

2025-02-27 * "Boulders ApS" "Sport & fritid" #spiir
  spiir-id: "638813512374256239"
  Assets:Checking:Primary  -30.00 DKK
  Expenses:Entertainment:Sports  30.00 DKK

2025-02-27 * "føtex Hvidovrevej" "Dagligvarer" #spiir
  spiir-id: "638813513346355490"
  Assets:Checking:Dagligvarer  -132.00 DKK
  Expenses:Food:Groceries  132.00 DKK

2025-02-27 * "Trekroner Apotek" "Apotek & medicin" #spiir
  spiir-id: "638813513346355806"
  Assets:Checking:Dagligvarer  -55.25 DKK
  Expenses:Health:Pharmacy  55.25 DKK

2025-02-27 * "REMA 1000 Valby" "Dagligvarer" #spiir
  spiir-id: "638813513346356102"
  Assets:Checking:Dagligvarer  -149.35 DKK
  Expenses:Food:Groceries  149.35 DKK

2025-02-27 * "Bodenhoffs Bageri" "Kiosk, bager & specialbutikker" #spiir
  spiir-id: "638813513346356402"
  Assets:Checking:Dagligvarer  -37.00 DKK
  Expenses:Food:Kiosk  37.00 DKK

2025-02-27 * "tipster.dk 7-2-9" "" #spiir
  spiir-id: "638813513346356692"
  Assets:Checking:Dagligvarer  -590.00 DKK
  Expenses:Uncategorized  590.00 DKK

2025-02-27 * "Ellos Denmark A/S Boras" "Tøj, sko & accessories" #spiir
  spiir-id: "638813513346356970"
  Assets:Checking:Dagligvarer  -1361.50 DKK
  Expenses:Shopping:Clothing  1361.50 DKK

2025-02-28 * "Huslån - PRM" "Kontooverførsel" #spiir
  spiir-id: "638813512374255479"
  Assets:Checking:Primary  -7298.00 DKK
  Assets:Transfer  7298.00 DKK

2025-02-28 * "Nedbetaling huslån - PRM" "Kontooverførsel" #spiir
  spiir-id: "638813512374255731"
  Assets:Checking:Primary  -7298.00 DKK
  Assets:Transfer  7298.00 DKK

2025-02-28 * "Huslån - LAH" "Kontooverførsel" #spiir
  spiir-id: "638813513273916104"
  Assets:Checking:Fixed  7298.00 DKK
  Assets:Transfer  -7298.00 DKK

2025-02-28 * "Huslån - PRM" "Kontooverførsel" #spiir
  spiir-id: "638813513273916412"
  Assets:Checking:Fixed  7298.00 DKK
  Assets:Transfer  -7298.00 DKK

2025-02-28 * "Realkredit Danmark" "Boliglån/husleje" #spiir
  spiir-id: "638813513273916719"
  Assets:Checking:Fixed  -14595.93 DKK
  Expenses:House:Mortgage  14595.93 DKK

2025-02-28 * "Experimentarium" "Biograf, koncerter & forlystelser" #spiir
  spiir-id: "638813513346353003"
  Assets:Checking:Dagligvarer  -225.00 DKK
  Expenses:Entertainment:Events  225.00 DKK

2025-02-28 * "MobilePay" "" #spiir
  spiir-id: "638813513346353275"
  Assets:Checking:Dagligvarer  -34.46 DKK
  Expenses:Uncategorized  34.46 DKK

2025-02-28 * "Ikea" "Møbler & boligudstyr" #spiir
  spiir-id: "638813513346353545"
  Assets:Checking:Dagligvarer  -451.00 DKK
  Expenses:Shopping:Furniture  451.00 DKK

2025-02-28 * "Lidl" "Dagligvarer" #spiir
  spiir-id: "638813513346355201"
  Assets:Checking:Dagligvarer  -69.00 DKK
  Expenses:Food:Groceries  69.00 DKK

2025-03-01 * "Til Dagligvarer" "Kontooverførsel" #spiir
  spiir-id: "638813512374255222"
  Assets:Checking:Primary  -1000.00 DKK
  Assets:Transfer  1000.00 DKK

2025-03-01 * "Lønoverførsel" "Løn" #spiir
  spiir-id: "638813512374255992"
  Assets:Checking:Primary  45249.00 DKK
  Income:Salary  -45249.00 DKK

2025-03-01 * "Til Dagligvarer" "Kontooverførsel" #spiir
  spiir-id: "638813513346352193"
  Assets:Checking:Dagligvarer  1000.00 DKK
  Assets:Transfer  -1000.00 DKK

2025-03-01 * "Fra Lee Ann Hollesen" "Dagligvarer" #spiir
  spiir-id: "638813513346352458"
  Assets:Checking:Dagligvarer  1000.00 DKK
  Expenses:Food:Groceries  -1000.00 DKK

2025-03-01 * "Wulff og konstali" "Bar, cafe & restaurant" #spiir
  spiir-id: "638813513346352734"
  Assets:Checking:Dagligvarer  1056.00 DKK
  Expenses:Food:Restaurant  -1056.00 DKK

2025-03-03 * "Dsb App" "Bus, tog, færge o.l." #spiir
  spiir-id: "638813512374251885"
  Assets:Checking:Primary  -22.00 DKK
  Expenses:Transport:Public  22.00 DKK

2025-03-03 * "Dsb App" "Bus, tog, færge o.l." #spiir
  spiir-id: "638813512374252127"
  Assets:Checking:Primary  -22.00 DKK
  Expenses:Transport:Public  22.00 DKK

2025-03-03 * "iCloud Fastefæll.udgifte" "Kontooverførsel" #spiir
  spiir-id: "638813512374252391"
  Assets:Checking:Primary  69.00 DKK
  Assets:Transfer  -69.00 DKK

2025-03-03 * "Spotify" "Kontooverførsel" #spiir
  spiir-id: "638813512374252646"
  Assets:Checking:Primary  -97.00 DKK
  Assets:Transfer  97.00 DKK

2025-03-03 * "Renovation - PRM" "Kontooverførsel" #spiir
  spiir-id: "638813512374252897"
  Assets:Checking:Primary  -171.00 DKK
  Assets:Transfer  171.00 DKK

2025-03-03 * "Sundhedsforsikring - PRM" "Kontooverførsel" #spiir
  spiir-id: "638813512374253136"
  Assets:Checking:Primary  -191.00 DKK
  Assets:Transfer  191.00 DKK

2025-03-03 * "Bilforsikr, afgift - PRM" "Kontooverførsel" #spiir
  spiir-id: "638813512374253396"
  Assets:Checking:Primary  -300.00 DKK
  Assets:Transfer  300.00 DKK

2025-03-03 * "Hus, indboforsikr - PRM" "Kontooverførsel" #spiir
  spiir-id: "638813512374253643"
  Assets:Checking:Primary  -387.00 DKK
  Assets:Transfer  387.00 DKK

2025-03-03 * "El, vand og varme - PRM" "Kontooverførsel" #spiir
  spiir-id: "638813512374253891"
  Assets:Checking:Primary  -1084.00 DKK
  Assets:Transfer  1084.00 DKK

2025-03-03 * "Vuggestue - PRM" "Kontooverførsel" #spiir
  spiir-id: "638813512374254141"
  Assets:Checking:Primary  -3068.00 DKK
  Assets:Transfer  3068.00 DKK

2025-03-03 * "Dagligvarer - PRM" "Kontooverførsel" #spiir
  spiir-id: "638813512374254411"
  Assets:Checking:Primary  -4500.00 DKK
  Assets:Transfer  4500.00 DKK

2025-03-03 * "hiper.dk" "Telefoni & internet" #spiir
  spiir-id: "638813512374254654"
  Assets:Checking:Primary  -339.00 DKK
  Expenses:Subscriptions:Telecom  339.00 DKK

2025-03-03 * "3 Danmark Koebenhavn SV" "Telefoni & internet" #spiir
  spiir-id: "638813512374254908"
  Assets:Checking:Primary  -202.24 DKK
  Expenses:Subscriptions:Telecom  202.24 DKK

2025-03-03 * "iCloud" "Kontooverførsel" #spiir
  spiir-id: "638813513273909107"
  Assets:Checking:Fixed  -69.00 DKK
  Assets:Transfer  69.00 DKK

2025-03-03 * "Spotify" "Kontooverførsel" #spiir
  spiir-id: "638813513273909472"
  Assets:Checking:Fixed  97.00 DKK
  Assets:Transfer  -97.00 DKK

2025-03-03 * "Renovation - LAH" "Kontooverførsel" #spiir
  spiir-id: "638813513273909873"
  Assets:Checking:Fixed  171.00 DKK
  Assets:Transfer  -171.00 DKK

2025-03-03 * "Sundhedsforsikring - LAH" "Kontooverførsel" #spiir
  spiir-id: "638813513273910269"
  Assets:Checking:Fixed  191.00 DKK
  Assets:Transfer  -191.00 DKK

2025-03-03 * "Bilforsikr, afgift - LAH" "Kontooverførsel" #spiir
  spiir-id: "638813513273910694"
  Assets:Checking:Fixed  300.00 DKK
  Assets:Transfer  -300.00 DKK

2025-03-03 * "Hus, indboforsikr - LAH" "Kontooverførsel" #spiir
  spiir-id: "638813513273911097"
  Assets:Checking:Fixed  387.00 DKK
  Assets:Transfer  -387.00 DKK

2025-03-03 * "El, vand og varme - LAH" "Kontooverførsel" #spiir
  spiir-id: "638813513273911508"
  Assets:Checking:Fixed  1084.00 DKK
  Assets:Transfer  -1084.00 DKK

2025-03-03 * "Vuggestue - LAH" "Kontooverførsel" #spiir
  spiir-id: "638813513273911914"
  Assets:Checking:Fixed  3068.00 DKK
  Assets:Transfer  -3068.00 DKK

2025-03-03 * "Spotify" "Film, musik & læsestof" #spiir
  spiir-id: "638813513273912322"
  Assets:Checking:Fixed  97.00 DKK
  Expenses:Entertainment:Media  -97.00 DKK

2025-03-03 * "Renovation - PRM" "" #spiir
  spiir-id: "638813513273912705"
  Assets:Checking:Fixed  171.00 DKK
  Expenses:Uncategorized  -171.00 DKK

2025-03-03 * "Sundhedsforsikring - PRM" "" #spiir
  spiir-id: "638813513273913099"
  Assets:Checking:Fixed  191.00 DKK
  Expenses:Uncategorized  -191.00 DKK

2025-03-03 * "Bilforsikr, afgift - PRM" "Bilforsikring & autohjælp" #spiir
  spiir-id: "638813513273913504"
  Assets:Checking:Fixed  300.00 DKK
  Expenses:Car:Insurance  -300.00 DKK

2025-03-03 * "Hus, indboforsikr - PRM" "Husforsikring" #spiir
  spiir-id: "638813513273913897"
  Assets:Checking:Fixed  387.00 DKK
  Expenses:House:Insurance  -387.00 DKK

2025-03-03 * "El, vand og varme - PRM" "El, vand, varme & renovation" #spiir
  spiir-id: "638813513273914282"
  Assets:Checking:Fixed  1084.00 DKK
  Expenses:House:Heating  -1084.00 DKK

2025-03-03 * "Vuggestue - PRM" "Institution" #spiir
  spiir-id: "638813513273914681"
  Assets:Checking:Fixed  3068.00 DKK
  Expenses:Kids:Institution  -3068.00 DKK

2025-03-03 * "Hvidovre kommune" "Institution" #spiir
  spiir-id: "638813513273915040"
  Assets:Checking:Fixed  -6136.00 DKK
  Expenses:Kids:Institution  6136.00 DKK

2025-03-03 * "Tryg" "Indbo- & familieforsikring" #spiir
  spiir-id: "638813513273915314"
  Assets:Checking:Fixed  -2284.25 DKK
  Expenses:House:Contents-Insurance  2284.25 DKK

2025-03-03 * "Tryg" "Indbo- & familieforsikring" #spiir
  spiir-id: "638813513273915583"
  Assets:Checking:Fixed  -983.10 DKK
  Expenses:House:Contents-Insurance  983.10 DKK

2025-03-03 * "Tryg" "Indbo- & familieforsikring" #spiir
  spiir-id: "638813513273915846"
  Assets:Checking:Fixed  -2088.11 DKK
  Expenses:House:Contents-Insurance  2088.11 DKK

2025-03-03 * "Urtegaarden ApS" "Frisør & personlig pleje" #spiir
  spiir-id: "638813513346349954"
  Assets:Checking:Dagligvarer  -224.60 DKK
  Expenses:Shopping:Personal-Care  224.60 DKK

2025-03-03 * "Udlæg retur" "" #spiir
  spiir-id: "638813513346350230"
  Assets:Checking:Dagligvarer  -1056.00 DKK
  Expenses:Uncategorized  1056.00 DKK

2025-03-03 * "Fællesudgifter" "Kontooverførsel" #spiir
  spiir-id: "638813513346350485"
  Assets:Checking:Dagligvarer  4500.00 DKK
  Assets:Transfer  -4500.00 DKK

2025-03-03 * "Dagligvarer - PRM" "Dagligvarer" #spiir
  spiir-id: "638813513346350752"
  Assets:Checking:Dagligvarer  4500.00 DKK
  Expenses:Food:Groceries  -4500.00 DKK

2025-03-03 * "Folehaven Bageri" "Kiosk, bager & specialbutikker" #spiir
  spiir-id: "638813513346351018"
  Assets:Checking:Dagligvarer  -75.00 DKK
  Expenses:Food:Kiosk  75.00 DKK

2025-03-03 * "TGTG fq0k3mv3g0rg0 toogoodtogo.d" "" #spiir
  spiir-id: "638813513346351313"
  Assets:Checking:Dagligvarer  -29.00 DKK
  Expenses:Uncategorized  29.00 DKK

2025-03-03 * "EasyPark A/S easypark.dk" "Parkering" #spiir
  spiir-id: "638813513346351611"
  Assets:Checking:Dagligvarer  -36.80 DKK
  Expenses:Car:Parking  36.80 DKK

2025-03-03 * "Q-Park Waterfront" "Parkering" #spiir
  spiir-id: "638813513346351898"
  Assets:Checking:Dagligvarer  -30.00 DKK
  Expenses:Car:Parking  30.00 DKK

2025-03-04 * "Dsb App" "Bus, tog, færge o.l." #spiir
  spiir-id: "638813512374251069"
  Assets:Checking:Primary  -22.00 DKK
  Expenses:Transport:Public  22.00 DKK

2025-03-04 * "Dsb App" "Bus, tog, færge o.l." #spiir
  spiir-id: "638813512374251359"
  Assets:Checking:Primary  -22.00 DKK
  Expenses:Transport:Public  22.00 DKK

2025-03-04 * "Sp Uandu.De Meerbusch" "" #spiir
  spiir-id: "638813512374251606"
  Assets:Checking:Primary  -645.85 DKK
  Expenses:Uncategorized  645.85 DKK

2025-03-04 * "Hue sensor" "Tøj, sko & accessories" #spiir
  spiir-id: "638813513346347976"
  Assets:Checking:Dagligvarer  -260.00 DKK
  Expenses:Shopping:Clothing  260.00 DKK

2025-03-04 * "Flok Kantine Koebenhavn NV" "Kantine- & frokostordning" #spiir
  spiir-id: "638813513346348230"
  Assets:Checking:Dagligvarer  -35.00 DKK
  Expenses:Food:Canteen  35.00 DKK

2025-03-04 * "Flok Kantine Koebenhavn NV" "Kantine- & frokostordning" #spiir
  spiir-id: "638813513346348516"
  Assets:Checking:Dagligvarer  -98.00 DKK
  Expenses:Food:Canteen  98.00 DKK

2025-03-04 * "Flok Kantine Koebenhavn NV" "Kantine- & frokostordning" #spiir
  spiir-id: "638813513346348818"
  Assets:Checking:Dagligvarer  -57.00 DKK
  Expenses:Food:Canteen  57.00 DKK

2025-03-04 * "R-Bakery V/Rene Osterg Hvidovre" "Kiosk, bager & specialbutikker" #spiir
  spiir-id: "638813513346349114"
  Assets:Checking:Dagligvarer  -122.00 DKK
  Expenses:Food:Kiosk  122.00 DKK

2025-03-04 * "MobilePay EASY PARK A/S" "Parkering" #spiir
  spiir-id: "638813513346349399"
  Assets:Checking:Dagligvarer  -84.37 DKK
  Expenses:Car:Parking  84.37 DKK

2025-03-04 * "Lidl" "Dagligvarer" #spiir
  spiir-id: "638813513346349704"
  Assets:Checking:Dagligvarer  -371.92 DKK
  Expenses:Food:Groceries  371.92 DKK

2025-03-05 * "Dsb App" "Bus, tog, færge o.l." #spiir
  spiir-id: "638813512374250350"
  Assets:Checking:Primary  -22.00 DKK
  Expenses:Transport:Public  22.00 DKK

2025-03-05 * "Dsb App" "Bus, tog, færge o.l." #spiir
  spiir-id: "638813512374250607"
  Assets:Checking:Primary  -22.00 DKK
  Expenses:Transport:Public  22.00 DKK

2025-03-06 * "Dsb App" "Bus, tog, færge o.l." #spiir
  spiir-id: "638813512374249589"
  Assets:Checking:Primary  -22.00 DKK
  Expenses:Transport:Public  22.00 DKK

2025-03-06 * "Dsb App" "Bus, tog, færge o.l." #spiir
  spiir-id: "638813512374249833"
  Assets:Checking:Primary  -22.00 DKK
  Expenses:Transport:Public  22.00 DKK

2025-03-06 * "Xeroshoes.Eu Prague" "" #spiir
  spiir-id: "638813512374250094"
  Assets:Checking:Primary  -637.14 DKK
  Expenses:Uncategorized  637.14 DKK

2025-03-07 * "Dsb App" "Bus, tog, færge o.l." #spiir
  spiir-id: "638813512374248805"
  Assets:Checking:Primary  -17.60 DKK
  Expenses:Transport:Public  17.60 DKK

2025-03-07 * "Dsb App" "Bus, tog, færge o.l." #spiir
  spiir-id: "638813512374249059"
  Assets:Checking:Primary  -22.00 DKK
  Expenses:Transport:Public  22.00 DKK

2025-03-07 * "Xeroshoes.Eu Prague" "" #spiir
  spiir-id: "638813512374249317"
  Assets:Checking:Primary  693.33 DKK
  Expenses:Uncategorized  -693.33 DKK

2025-03-08 * "MobilePay Ninna Kahlke Christensen" "" #spiir
  spiir-id: "638813513346347710"
  Assets:Checking:Dagligvarer  -76.00 DKK
  Expenses:Uncategorized  76.00 DKK

2025-03-09 * "MobilePay 1.000 tak for din hjælp!" "Gaver & velgørenhed" #spiir
  spiir-id: "638813513346347419"
  Assets:Checking:Dagligvarer  -100.00 DKK
  Expenses:Gifts  100.00 DKK

2025-03-10 * "Dsb App" "Bus, tog, færge o.l." #spiir
  spiir-id: "638813512374248324"
  Assets:Checking:Primary  -22.00 DKK
  Expenses:Transport:Public  22.00 DKK

2025-03-10 * "Dsb App" "Bus, tog, færge o.l." #spiir
  spiir-id: "638813512374248567"
  Assets:Checking:Primary  -22.00 DKK
  Expenses:Transport:Public  22.00 DKK

2025-03-10 * "proshop.dk" "Elektronik & computerudstyr" #spiir
  spiir-id: "638813513346345071"
  Assets:Checking:Dagligvarer  -385.00 DKK
  Expenses:Shopping:Electronics  385.00 DKK

2025-03-10 * "Thaishop CPH" "Dagligvarer" #spiir
  spiir-id: "638813513346345322"
  Assets:Checking:Dagligvarer  -30.00 DKK
  Expenses:Food:Groceries  30.00 DKK

2025-03-10 * "Denn Jai Market &" "Dagligvarer" #spiir
  spiir-id: "638813513346345581"
  Assets:Checking:Dagligvarer  -20.00 DKK
  Expenses:Food:Groceries  20.00 DKK

2025-03-10 * "Afghan Marked Aps" "Dagligvarer" #spiir
  spiir-id: "638813513346345840"
  Assets:Checking:Dagligvarer  -10.00 DKK
  Expenses:Food:Groceries  10.00 DKK

2025-03-10 * "Afghan Marked Aps" "Dagligvarer" #spiir
  spiir-id: "638813513346346112"
  Assets:Checking:Dagligvarer  -10.00 DKK
  Expenses:Food:Groceries  10.00 DKK

2025-03-10 * "Netto Gl. Køge Lan" "Dagligvarer" #spiir
  spiir-id: "638813513346346374"
  Assets:Checking:Dagligvarer  -395.90 DKK
  Expenses:Food:Groceries  395.90 DKK

2025-03-10 * "Netto Hvidovrevej" "Dagligvarer" #spiir
  spiir-id: "638813513346346642"
  Assets:Checking:Dagligvarer  -54.90 DKK
  Expenses:Food:Groceries  54.90 DKK

2025-03-10 * "Enjoy by Lillebælt" "Bar, cafe & restaurant" #spiir
  spiir-id: "638813513346346899"
  Assets:Checking:Dagligvarer  -78.00 DKK
  Expenses:Food:Restaurant  78.00 DKK

2025-03-10 * "Bilka One Stop" "Dagligvarer" #spiir
  spiir-id: "638813513346347161"
  Assets:Checking:Dagligvarer  -523.32 DKK
  Expenses:Food:Groceries  523.32 DKK

2025-03-11 * "Dsb App" "Bus, tog, færge o.l." #spiir
  spiir-id: "638813512374247567"
  Assets:Checking:Primary  -22.00 DKK
  Expenses:Transport:Public  22.00 DKK

2025-03-11 * "Dsb App" "Bus, tog, færge o.l." #spiir
  spiir-id: "638813512374247816"
  Assets:Checking:Primary  -22.00 DKK
  Expenses:Transport:Public  22.00 DKK

2025-03-11 * "Saxo Bank ASK" "Værdipapirshandel" #spiir
  spiir-id: "638813512374248075"
  Assets:Checking:Primary  -6824.89 DKK
  Assets:Savings:Investments  6824.89 DKK

2025-03-11 * "R-Bakery V/Rene Osterg Hvidovre" "Kiosk, bager & specialbutikker" #spiir
  spiir-id: "638813513346344482"
  Assets:Checking:Dagligvarer  -122.00 DKK
  Expenses:Food:Kiosk  122.00 DKK

2025-03-11 * "R-Bakery V/Rene Osterg Hvidovre" "Kiosk, bager & specialbutikker" #spiir
  spiir-id: "638813513346344784"
  Assets:Checking:Dagligvarer  -27.00 DKK
  Expenses:Food:Kiosk  27.00 DKK

2025-03-12 * "Dsb App" "Bus, tog, færge o.l." #spiir
  spiir-id: "638813512374247052"
  Assets:Checking:Primary  -22.00 DKK
  Expenses:Transport:Public  22.00 DKK

2025-03-12 * "Dsb App" "Bus, tog, færge o.l." #spiir
  spiir-id: "638813512374247306"
  Assets:Checking:Primary  -22.00 DKK
  Expenses:Transport:Public  22.00 DKK

2025-03-12 * "MobilePay Mødrehjælpen Hvidovre Rød" "Gaver & velgørenhed" #spiir
  spiir-id: "638813513346343576"
  Assets:Checking:Dagligvarer  -25.00 DKK
  Expenses:Gifts  25.00 DKK

2025-03-12 * "PAD THAI ASIAN MARKET Kobenhavn V" "Fastfood & takeaway" #spiir
  spiir-id: "638813513346343879"
  Assets:Checking:Dagligvarer  -46.00 DKK
  Expenses:Food:Takeaway  46.00 DKK

2025-03-12 * "AMZN Mktp DE" "Andet privatforbrug" #spiir
  spiir-id: "638813513346344193"
  Assets:Checking:Dagligvarer  -645.37 DKK
  Expenses:Shopping:Other  645.37 DKK

2025-03-13 * "Udl. kortbetaling, 1.50% af DKK -10" "Bankgebyrer" #spiir
  spiir-id: "638813512374246531"
  Assets:Checking:Primary  -1.55 DKK
  Expenses:Bank:Fees  1.55 DKK

2025-03-13 * "Audible*V797Z5WE3 Amzn.com/bill" "" #spiir
  spiir-id: "638813512374246768"
  Assets:Checking:Primary  -103.21 DKK
  Expenses:Uncategorized  103.21 DKK

2025-03-13 * "Netto Hvidovrevej" "Dagligvarer" #spiir
  spiir-id: "638813513346342489"
  Assets:Checking:Dagligvarer  -183.59 DKK
  Expenses:Food:Groceries  183.59 DKK

2025-03-13 * "Bornholmerfisk" "Dagligvarer" #spiir
  spiir-id: "638813513346342770"
  Assets:Checking:Dagligvarer  -157.00 DKK
  Expenses:Food:Groceries  157.00 DKK

2025-03-13 * "Coop365 Njalsgade" "Dagligvarer" #spiir
  spiir-id: "638813513346343031"
  Assets:Checking:Dagligvarer  -20.00 DKK
  Expenses:Food:Groceries  20.00 DKK

2025-03-13 * "Disney Plus 800-022-1476" "TV & streaming" #spiir
  spiir-id: "638813513346343297"
  Assets:Checking:Dagligvarer  -49.00 DKK
  Expenses:Subscriptions:Streaming  49.00 DKK

2025-03-14 * "Dsb App" "Bus, tog, færge o.l." #spiir
  spiir-id: "638813512374245247"
  Assets:Checking:Primary  -22.00 DKK
  Expenses:Transport:Public  22.00 DKK

2025-03-14 * "Dsb App" "Bus, tog, færge o.l." #spiir
  spiir-id: "638813512374245491"
  Assets:Checking:Primary  -22.00 DKK
  Expenses:Transport:Public  22.00 DKK

2025-03-14 * "holidaycars.com Wetherby" "Billeje" #spiir
  spiir-id: "638813512374245744"
  Assets:Checking:Primary  -2676.29 DKK
  Expenses:Travel:Car-Rental  2676.29 DKK

2025-03-14 * "Udl. kortbetaling, 1.50% af DKK -24" "Bankgebyrer" #spiir
  spiir-id: "638813512374246025"
  Assets:Checking:Primary  -3.62 DKK
  Expenses:Bank:Fees  3.62 DKK

2025-03-14 * "Rpstrength Rpstrength.Co" "" #spiir
  spiir-id: "638813512374246261"
  Assets:Checking:Primary  -241.06 DKK
  Expenses:Uncategorized  241.06 DKK

2025-03-14 * "LA B-skat" "" #spiir
  spiir-id: "638813513346341416"
  Assets:Checking:Dagligvarer  13155.00 DKK
  Expenses:Uncategorized  -13155.00 DKK

2025-03-14 * "Børneloppen Valby" "Babyudstyr" #spiir
  spiir-id: "638813513346341670"
  Assets:Checking:Dagligvarer  -202.50 DKK
  Expenses:Kids:Baby  202.50 DKK

2025-03-14 * "Børneloppen Valby" "Babyudstyr" #spiir
  spiir-id: "638813513346341935"
  Assets:Checking:Dagligvarer  65.00 DKK
  Expenses:Kids:Baby  -65.00 DKK

2025-03-14 * "Google Nest G.Co/Helppayæ" "Alarmsystem" #spiir
  spiir-id: "638813513346342196"
  Assets:Checking:Dagligvarer  -40.00 DKK
  Expenses:House:Alarm  40.00 DKK

2025-03-16 * "MobilePay ADNAN & EYAD ApS" "Dagligvarer" #spiir
  spiir-id: "638813513346341129"
  Assets:Checking:Dagligvarer  -177.00 DKK
  Expenses:Food:Groceries  177.00 DKK

2025-03-17 * "Dsb App" "Bus, tog, færge o.l." #spiir
  spiir-id: "638813512374244990"
  Assets:Checking:Primary  -22.00 DKK
  Expenses:Transport:Public  22.00 DKK

2025-03-17 * "Lidl" "Dagligvarer" #spiir
  spiir-id: "638813513346339192"
  Assets:Checking:Dagligvarer  -67.70 DKK
  Expenses:Food:Groceries  67.70 DKK

2025-03-17 * "Uno-X 698 Kbh SV E" "Brændstof" #spiir
  spiir-id: "638813513346339464"
  Assets:Checking:Dagligvarer  -336.50 DKK
  Expenses:Car:Gas  336.50 DKK

2025-03-17 * "Netto Toftegårds A" "Dagligvarer" #spiir
  spiir-id: "638813513346339760"
  Assets:Checking:Dagligvarer  -170.90 DKK
  Expenses:Food:Groceries  170.90 DKK

2025-03-17 * "Lidl" "Dagligvarer" #spiir
  spiir-id: "638813513346340019"
  Assets:Checking:Dagligvarer  -63.85 DKK
  Expenses:Food:Groceries  63.85 DKK

2025-03-17 * "Cafe Gazou ApS" "Bar, cafe & restaurant" #spiir
  spiir-id: "638813513346340293"
  Assets:Checking:Dagligvarer  -35.00 DKK
  Expenses:Food:Restaurant  35.00 DKK

2025-03-17 * "R-Bakery V/Rene Osterg Hvidovre" "Kiosk, bager & specialbutikker" #spiir
  spiir-id: "638813513346340573"
  Assets:Checking:Dagligvarer  -122.00 DKK
  Expenses:Food:Kiosk  122.00 DKK

2025-03-17 * "Skattestyrelsen" "Ejerafgift/grøn afgift" #spiir
  spiir-id: "638813513346340866"
  Assets:Checking:Dagligvarer  -13155.00 DKK
  Expenses:Car:Tax  13155.00 DKK

2025-03-18 * "holidaycars.com Wetherby" "Billeje" #spiir
  spiir-id: "638813512374244444"
  Assets:Checking:Primary  8.67 DKK
  Expenses:Travel:Car-Rental  -8.67 DKK

2025-03-18 * "Eur.Vevor.Com Ireland" "" #spiir
  spiir-id: "638813512374244723"
  Assets:Checking:Primary  -377.52 DKK
  Expenses:Uncategorized  377.52 DKK

2025-03-18 * "REMA 1000 Hvidovre" "Dagligvarer" #spiir
  spiir-id: "638813513346338640"
  Assets:Checking:Dagligvarer  -233.80 DKK
  Expenses:Food:Groceries  233.80 DKK

2025-03-18 * "SuperB Brostyk.vej" "Dagligvarer" #spiir
  spiir-id: "638813513346338914"
  Assets:Checking:Dagligvarer  -248.90 DKK
  Expenses:Food:Groceries  248.90 DKK

2025-03-19 * "Dsb App" "Bus, tog, færge o.l." #spiir
  spiir-id: "638813512374243930"
  Assets:Checking:Primary  -22.00 DKK
  Expenses:Transport:Public  22.00 DKK

2025-03-19 * "Dsb App" "Bus, tog, færge o.l." #spiir
  spiir-id: "638813512374244189"
  Assets:Checking:Primary  -22.00 DKK
  Expenses:Transport:Public  22.00 DKK

2025-03-19 * "MobilePay Ella Hollesen Schefe" "" #spiir
  spiir-id: "638813513346337345"
  Assets:Checking:Dagligvarer  -50.00 DKK
  Expenses:Uncategorized  50.00 DKK

2025-03-19 * "MobilePay Ella Hollesen Schefe" "" #spiir
  spiir-id: "638813513346337684"
  Assets:Checking:Dagligvarer  -550.00 DKK
  Expenses:Uncategorized  550.00 DKK

2025-03-19 * "Airbnb Hmqcjnrj22 458-988-2000" "Fly & Hotel" #spiir
  spiir-id: "638813513346338016"
  Assets:Checking:Dagligvarer  -1725.61 DKK
  Expenses:Travel:Transport  1725.61 DKK

2025-03-19 * "Spotify" "Film, musik & læsestof" #spiir
  spiir-id: "638813513346338318"
  Assets:Checking:Dagligvarer  -149.00 DKK
  Expenses:Entertainment:Media  149.00 DKK

2025-03-20 * "Netto Hvidovrevej" "Dagligvarer" #spiir
  spiir-id: "638813513346335813"
  Assets:Checking:Dagligvarer  -59.00 DKK
  Expenses:Food:Groceries  59.00 DKK

2025-03-20 * "Netto Hvidovrevej" "Dagligvarer" #spiir
  spiir-id: "638813513346336117"
  Assets:Checking:Dagligvarer  -128.08 DKK
  Expenses:Food:Groceries  128.08 DKK

2025-03-20 * "Apple.Com/Bill" "Online services & software" #spiir
  spiir-id: "638813513346336412"
  Assets:Checking:Dagligvarer  -89.00 DKK
  Expenses:Subscriptions:Software  89.00 DKK

2025-03-20 * "R-Bakery V/Rene Osterg Hvidovre" "Kiosk, bager & specialbutikker" #spiir
  spiir-id: "638813513346336725"
  Assets:Checking:Dagligvarer  -149.00 DKK
  Expenses:Food:Kiosk  149.00 DKK

2025-03-20 * "MobilePay EASY PARK A/S" "Parkering" #spiir
  spiir-id: "638813513346337042"
  Assets:Checking:Dagligvarer  -7.73 DKK
  Expenses:Car:Parking  7.73 DKK

2025-03-24 * "Dsb App" "Bus, tog, færge o.l." #spiir
  spiir-id: "638813512374243172"
  Assets:Checking:Primary  -22.00 DKK
  Expenses:Transport:Public  22.00 DKK

2025-03-24 * "Dsb App" "Bus, tog, færge o.l." #spiir
  spiir-id: "638813512374243419"
  Assets:Checking:Primary  -22.00 DKK
  Expenses:Transport:Public  22.00 DKK

2025-03-24 * "DSB 7-Eleven Koldn" "Kiosk, bager & specialbutikker" #spiir
  spiir-id: "638813512374243671"
  Assets:Checking:Primary  -33.00 DKK
  Expenses:Food:Kiosk  33.00 DKK

2025-03-24 * "Fra Lee Ann Hollesen" "Dagligvarer" #spiir
  spiir-id: "638813513346332524"
  Assets:Checking:Dagligvarer  1500.00 DKK
  Expenses:Food:Groceries  -1500.00 DKK

2025-03-24 * "Billetten A/S 09s83" "Biograf, koncerter & forlystelser" #spiir
  spiir-id: "638813513346332847"
  Assets:Checking:Dagligvarer  -345.00 DKK
  Expenses:Entertainment:Events  345.00 DKK

2025-03-24 * "Boulders ApS" "Sport & fritid" #spiir
  spiir-id: "638813513346333168"
  Assets:Checking:Dagligvarer  -30.00 DKK
  Expenses:Entertainment:Sports  30.00 DKK

2025-03-24 * "Boulders ApS" "Sport & fritid" #spiir
  spiir-id: "638813513346333473"
  Assets:Checking:Dagligvarer  -39.00 DKK
  Expenses:Entertainment:Sports  39.00 DKK

2025-03-24 * "Lidl" "Dagligvarer" #spiir
  spiir-id: "638813513346333764"
  Assets:Checking:Dagligvarer  -51.90 DKK
  Expenses:Food:Groceries  51.90 DKK

2025-03-24 * "Q8 Service" "Brændstof" #spiir
  spiir-id: "638813513346334030"
  Assets:Checking:Dagligvarer  -400.00 DKK
  Expenses:Car:Gas  400.00 DKK

2025-03-24 * "Q8 Service" "Brændstof" #spiir
  spiir-id: "638813513346334327"
  Assets:Checking:Dagligvarer  -58.95 DKK
  Expenses:Car:Gas  58.95 DKK

2025-03-24 * "Netto Trojels Knæ" "Dagligvarer" #spiir
  spiir-id: "638813513346334654"
  Assets:Checking:Dagligvarer  -156.40 DKK
  Expenses:Food:Groceries  156.40 DKK

2025-03-24 * "Netto Jernbanegade" "Dagligvarer" #spiir
  spiir-id: "638813513346334955"
  Assets:Checking:Dagligvarer  -47.00 DKK
  Expenses:Food:Groceries  47.00 DKK

2025-03-24 * "DSB Toilet" "Bus, tog, færge o.l." #spiir
  spiir-id: "638813513346335228"
  Assets:Checking:Dagligvarer  -5.00 DKK
  Expenses:Transport:Public  5.00 DKK

2025-03-24 * "Galleri Bo Bendixe" "" #spiir
  spiir-id: "638813513346335515"
  Assets:Checking:Dagligvarer  -75.00 DKK
  Expenses:Uncategorized  75.00 DKK

2025-03-25 * "Dsb App" "Bus, tog, færge o.l." #spiir
  spiir-id: "638813512374242668"
  Assets:Checking:Primary  -25.00 DKK
  Expenses:Transport:Public  25.00 DKK

2025-03-25 * "Dsb App" "Bus, tog, færge o.l." #spiir
  spiir-id: "638813512374242915"
  Assets:Checking:Primary  -22.00 DKK
  Expenses:Transport:Public  22.00 DKK

2025-03-25 * "Mein Hvv Ticket Logpay Hamburg" "Bus, tog, færge o.l." #spiir
  spiir-id: "638813513346331562"
  Assets:Checking:Dagligvarer  -21.59 DKK
  Expenses:Transport:Public  21.59 DKK

2025-03-25 * "Burger King Ribe Ribe" "Fastfood & takeaway" #spiir
  spiir-id: "638813513346331883"
  Assets:Checking:Dagligvarer  -59.00 DKK
  Expenses:Food:Takeaway  59.00 DKK

2025-03-25 * "Brobizz.Com Kobenhavn V" "Bus, tog, færge o.l." #spiir
  spiir-id: "638813513346332205"
  Assets:Checking:Dagligvarer  -201.00 DKK
  Expenses:Transport:Public  201.00 DKK

2025-03-26 * "Dsb App" "Bus, tog, færge o.l." #spiir
  spiir-id: "638813512374242160"
  Assets:Checking:Primary  -22.00 DKK
  Expenses:Transport:Public  22.00 DKK

2025-03-26 * "Dsb App" "Bus, tog, færge o.l." #spiir
  spiir-id: "638813512374242412"
  Assets:Checking:Primary  -22.00 DKK
  Expenses:Transport:Public  22.00 DKK

2025-03-26 * "Violas Eez Hamburg" "Dagligvarer" #spiir
  spiir-id: "638813513346329358"
  Assets:Checking:Dagligvarer  -36.73 DKK
  Expenses:Food:Groceries  36.73 DKK

2025-03-26 * "Filiale 802 Schuhkay1882 Hamburg" "Tøj, sko & accessories" #spiir
  spiir-id: "638813513346329675"
  Assets:Checking:Dagligvarer  -74.60 DKK
  Expenses:Shopping:Clothing  74.60 DKK

2025-03-26 * "REWE Citymarkt HH Arminiu Hamburg" "Dagligvarer" #spiir
  spiir-id: "638813513346330009"
  Assets:Checking:Dagligvarer  -160.59 DKK
  Expenses:Food:Groceries  160.59 DKK

2025-03-26 * "Brobizz.Com Kobenhavn V" "Bus, tog, færge o.l." #spiir
  spiir-id: "638813513346330333"
  Assets:Checking:Dagligvarer  -201.00 DKK
  Expenses:Transport:Public  201.00 DKK

2025-03-26 * "C&A Haus 0854 Hamburg" "Tøj, sko & accessories" #spiir
  spiir-id: "638813513346330668"
  Assets:Checking:Dagligvarer  -89.82 DKK
  Expenses:Shopping:Clothing  89.82 DKK

2025-03-26 * "Budnikowsky Hamburg" "Dagligvarer" #spiir
  spiir-id: "638813513346330990"
  Assets:Checking:Dagligvarer  -403.28 DKK
  Expenses:Food:Groceries  403.28 DKK

2025-03-26 * "Budnikowsky Hamburg" "Dagligvarer" #spiir
  spiir-id: "638813513346331265"
  Assets:Checking:Dagligvarer  -5.92 DKK
  Expenses:Food:Groceries  5.92 DKK

2025-03-27 * "Dsb App" "Bus, tog, færge o.l." #spiir
  spiir-id: "638813512374241637"
  Assets:Checking:Primary  -22.00 DKK
  Expenses:Transport:Public  22.00 DKK

2025-03-27 * "Dsb App" "Bus, tog, færge o.l." #spiir
  spiir-id: "638813512374241904"
  Assets:Checking:Primary  -22.00 DKK
  Expenses:Transport:Public  22.00 DKK

2025-03-27 * "tipster.dk 9-2-9" "" #spiir
  spiir-id: "638813513346328070"
  Assets:Checking:Dagligvarer  -960.00 DKK
  Expenses:Uncategorized  960.00 DKK

2025-03-27 * "Mein Hvv Ticket Logpay Hamburg" "Bus, tog, færge o.l." #spiir
  spiir-id: "638813513346328380"
  Assets:Checking:Dagligvarer  -54.36 DKK
  Expenses:Transport:Public  54.36 DKK

2025-03-27 * "REWE Hamburg Ballindamm 4 Hamburg" "Dagligvarer" #spiir
  spiir-id: "638813513346328705"
  Assets:Checking:Dagligvarer  -335.48 DKK
  Expenses:Food:Groceries  335.48 DKK

2025-03-27 * "World Of Candy Hamburg" "Kiosk, bager & specialbutikker" #spiir
  spiir-id: "638813513346329031"
  Assets:Checking:Dagligvarer  -33.74 DKK
  Expenses:Food:Kiosk  33.74 DKK

2025-03-28 * "MobilePay Steven Lybcke Berthou" "" #spiir
  spiir-id: "638813512374240795"
  Assets:Checking:Primary  -150.00 DKK
  Expenses:Uncategorized  150.00 DKK

2025-03-28 * "Center For Kultur" "" #spiir
  spiir-id: "638813512374241098"
  Assets:Checking:Primary  -25.00 DKK
  Expenses:Uncategorized  25.00 DKK

2025-03-28 * "Center For Kultur" "" #spiir
  spiir-id: "638813512374241366"
  Assets:Checking:Primary  -25.00 DKK
  Expenses:Uncategorized  25.00 DKK

2025-03-28 * "Mein Hvv Ticket Logpay Hamburg" "Bus, tog, færge o.l." #spiir
  spiir-id: "638813513346327408"
  Assets:Checking:Dagligvarer  -27.23 DKK
  Expenses:Transport:Public  27.23 DKK

2025-03-28 * "Rossmann 159 Hamburg" "Apotek & medicin" #spiir
  spiir-id: "638813513346327732"
  Assets:Checking:Dagligvarer  -137.23 DKK
  Expenses:Health:Pharmacy  137.23 DKK

2025-03-30 * "MobilePay Jakob Lund" "" #spiir
  spiir-id: "638813512374240260"
  Assets:Checking:Primary  30.00 DKK
  Expenses:Uncategorized  -30.00 DKK

2025-03-30 * "MobilePay Jakob Lund" "" #spiir
  spiir-id: "638813512374240524"
  Assets:Checking:Primary  -575.00 DKK
  Expenses:Uncategorized  575.00 DKK

2025-03-31 * "MobilePay Johan Peter Vestergaard" "" #spiir
  spiir-id: "638813512374237972"
  Assets:Checking:Primary  -400.00 DKK
  Expenses:Uncategorized  400.00 DKK

2025-03-31 * "Dsb App" "Bus, tog, færge o.l." #spiir
  spiir-id: "638813512374238246"
  Assets:Checking:Primary  -22.00 DKK
  Expenses:Transport:Public  22.00 DKK

2025-03-31 * "cyclehub.dk" "" #spiir
  spiir-id: "638813512374238514"
  Assets:Checking:Primary  -698.00 DKK
  Expenses:Uncategorized  698.00 DKK

2025-03-31 * "Til Dagligvarer" "Kontooverførsel" #spiir
  spiir-id: "638813512374238772"
  Assets:Checking:Primary  -2500.00 DKK
  Assets:Transfer  2500.00 DKK

2025-03-31 * "Dsb App" "Bus, tog, færge o.l." #spiir
  spiir-id: "638813512374239213"
  Assets:Checking:Primary  -22.00 DKK
  Expenses:Transport:Public  22.00 DKK

2025-03-31 * "Huslån - PRM" "Kontooverførsel" #spiir
  spiir-id: "638813512374239473"
  Assets:Checking:Primary  -7298.00 DKK
  Assets:Transfer  7298.00 DKK

2025-03-31 * "Nedbetaling huslån - PRM" "Kontooverførsel" #spiir
  spiir-id: "638813512374239727"
  Assets:Checking:Primary  -7298.00 DKK
  Assets:Transfer  7298.00 DKK

2025-03-31 * "Huslån - LAH" "Kontooverførsel" #spiir
  spiir-id: "638813513273907753"
  Assets:Checking:Fixed  7298.00 DKK
  Assets:Transfer  -7298.00 DKK

2025-03-31 * "Huslån - PRM" "Kontooverførsel" #spiir
  spiir-id: "638813513273908355"
  Assets:Checking:Fixed  7298.00 DKK
  Assets:Transfer  -7298.00 DKK

2025-03-31 * "Realkredit Danmark" "Boliglån/husleje" #spiir
  spiir-id: "638813513273908746"
  Assets:Checking:Fixed  -14595.91 DKK
  Expenses:House:Mortgage  14595.91 DKK

2025-03-31 * "OIL! tank go Viger" "Brændstof" #spiir
  spiir-id: "638813513346324911"
  Assets:Checking:Dagligvarer  -517.38 DKK
  Expenses:Car:Gas  517.38 DKK

2025-03-31 * "Til Dagligvarer" "Kontooverførsel" #spiir
  spiir-id: "638813513346325233"
  Assets:Checking:Dagligvarer  2500.00 DKK
  Assets:Transfer  -2500.00 DKK

2025-03-31 * "Fra Lee Ann Hollesen" "Dagligvarer" #spiir
  spiir-id: "638813513346325536"
  Assets:Checking:Dagligvarer  1000.00 DKK
  Expenses:Food:Groceries  -1000.00 DKK

2025-03-31 * "REMA 1000 Rødovre" "Dagligvarer" #spiir
  spiir-id: "638813513346325824"
  Assets:Checking:Dagligvarer  -224.15 DKK
  Expenses:Food:Groceries  224.15 DKK

2025-03-31 * "Netto Vigerslevvej" "Dagligvarer" #spiir
  spiir-id: "638813513346326138"
  Assets:Checking:Dagligvarer  -214.00 DKK
  Expenses:Food:Groceries  214.00 DKK

2025-03-31 * "Experimentarium" "Biograf, koncerter & forlystelser" #spiir
  spiir-id: "638813513346326447"
  Assets:Checking:Dagligvarer  -670.00 DKK
  Expenses:Entertainment:Events  670.00 DKK

2025-03-31 * "Exp by Madkastelle" "Bar, cafe & restaurant" #spiir
  spiir-id: "638813513346326763"
  Assets:Checking:Dagligvarer  -52.00 DKK
  Expenses:Food:Restaurant  52.00 DKK

2025-03-31 * "Netto Hvidovrevej" "Dagligvarer" #spiir
  spiir-id: "638813513346327081"
  Assets:Checking:Dagligvarer  -114.95 DKK
  Expenses:Food:Groceries  114.95 DKK

2025-04-01 * "hiper.dk" "Telefoni & internet" #spiir
  spiir-id: "638813512374231874"
  Assets:Checking:Primary  -339.00 DKK
  Expenses:Subscriptions:Telecom  339.00 DKK

2025-04-01 * "holidaycars.com Wetherby" "Billeje" #spiir
  spiir-id: "638813512374232207"
  Assets:Checking:Primary  690.43 DKK
  Expenses:Travel:Car-Rental  -690.43 DKK

2025-04-01 * "3 Danmark Koebenhavn SV" "Telefoni & internet" #spiir
  spiir-id: "638813512374232583"
  Assets:Checking:Primary  -160.00 DKK
  Expenses:Subscriptions:Telecom  160.00 DKK

2025-04-01 * "Sp Anker Neu Rotterdam" "" #spiir
  spiir-id: "638813512374232947"
  Assets:Checking:Primary  -717.20 DKK
  Expenses:Uncategorized  717.20 DKK

2025-04-01 * "Rpm Sports Thurles" "" #spiir
  spiir-id: "638813512374233303"
  Assets:Checking:Primary  -322.24 DKK
  Expenses:Uncategorized  322.24 DKK

2025-04-01 * "Akademikernes A-Kasse" "Fagforening & a-kasse" #spiir
  spiir-id: "638813512374234679"
  Assets:Checking:Primary  -1497.00 DKK
  Expenses:Insurance:Union  1497.00 DKK

2025-04-01 * "Spotify" "Kontooverførsel" #spiir
  spiir-id: "638813512374235007"
  Assets:Checking:Primary  -97.00 DKK
  Assets:Transfer  97.00 DKK

2025-04-01 * "Renovation - PRM" "Kontooverførsel" #spiir
  spiir-id: "638813512374235344"
  Assets:Checking:Primary  -171.00 DKK
  Assets:Transfer  171.00 DKK

2025-04-01 * "Sundhedsforsikring - PRM" "Kontooverførsel" #spiir
  spiir-id: "638813512374236064"
  Assets:Checking:Primary  -191.00 DKK
  Assets:Transfer  191.00 DKK

2025-04-01 * "Bilforsikr, afgift - PRM" "Kontooverførsel" #spiir
  spiir-id: "638813512374236418"
  Assets:Checking:Primary  -300.00 DKK
  Assets:Transfer  300.00 DKK

2025-04-01 * "Hus, indboforsikr - PRM" "Kontooverførsel" #spiir
  spiir-id: "638813512374236677"
  Assets:Checking:Primary  -387.00 DKK
  Assets:Transfer  387.00 DKK

2025-04-01 * "El, vand og varme - PRM" "Kontooverførsel" #spiir
  spiir-id: "638813512374236936"
  Assets:Checking:Primary  -1084.00 DKK
  Assets:Transfer  1084.00 DKK

2025-04-01 * "Vuggestue - PRM" "Kontooverførsel" #spiir
  spiir-id: "638813512374237194"
  Assets:Checking:Primary  -3068.00 DKK
  Assets:Transfer  3068.00 DKK

2025-04-01 * "Dagligvarer - PRM" "Kontooverførsel" #spiir
  spiir-id: "638813512374237456"
  Assets:Checking:Primary  -4500.00 DKK
  Assets:Transfer  4500.00 DKK

2025-04-01 * "iCloud Fastefæll.udgifte" "Kontooverførsel" #spiir
  spiir-id: "638813512374237704"
  Assets:Checking:Primary  69.00 DKK
  Assets:Transfer  -69.00 DKK

2025-04-01 * "Lønoverførsel" "Løn" #spiir
  spiir-id: "638813512374239988"
  Assets:Checking:Primary  45249.00 DKK
  Income:Salary  -45249.00 DKK

2025-04-01 * "Hvidovre kommune" "Institution" #spiir
  spiir-id: "638813513273900616"
  Assets:Checking:Fixed  -6136.00 DKK
  Expenses:Kids:Institution  6136.00 DKK

2025-04-01 * "Ok A.M.B.A" "Brændstof" #spiir
  spiir-id: "638813513273901030"
  Assets:Checking:Fixed  -455.00 DKK
  Expenses:Car:Gas  455.00 DKK

2025-04-01 * "Nettopower ApS" "El, vand, varme & renovation" #spiir
  spiir-id: "638813513273901401"
  Assets:Checking:Fixed  -7071.19 DKK
  Expenses:House:Heating  7071.19 DKK

2025-04-01 * "Spotify" "Kontooverførsel" #spiir
  spiir-id: "638813513273901766"
  Assets:Checking:Fixed  97.00 DKK
  Assets:Transfer  -97.00 DKK

2025-04-01 * "Renovation - LAH" "Kontooverførsel" #spiir
  spiir-id: "638813513273902283"
  Assets:Checking:Fixed  171.00 DKK
  Assets:Transfer  -171.00 DKK

2025-04-01 * "Sundhedsforsikring - LAH" "Kontooverførsel" #spiir
  spiir-id: "638813513273902687"
  Assets:Checking:Fixed  191.00 DKK
  Assets:Transfer  -191.00 DKK

2025-04-01 * "Bilforsikr, afgift - LAH" "Kontooverførsel" #spiir
  spiir-id: "638813513273903081"
  Assets:Checking:Fixed  300.00 DKK
  Assets:Transfer  -300.00 DKK

2025-04-01 * "Hus, indboforsikr - LAH" "Kontooverførsel" #spiir
  spiir-id: "638813513273903471"
  Assets:Checking:Fixed  387.00 DKK
  Assets:Transfer  -387.00 DKK

2025-04-01 * "El, vand og varme - LAH" "Kontooverførsel" #spiir
  spiir-id: "638813513273903857"
  Assets:Checking:Fixed  1084.00 DKK
  Assets:Transfer  -1084.00 DKK

2025-04-01 * "Vuggestue - LAH" "Kontooverførsel" #spiir
  spiir-id: "638813513273904249"
  Assets:Checking:Fixed  3068.00 DKK
  Assets:Transfer  -3068.00 DKK

2025-04-01 * "Spotify" "Film, musik & læsestof" #spiir
  spiir-id: "638813513273904625"
  Assets:Checking:Fixed  97.00 DKK
  Expenses:Entertainment:Media  -97.00 DKK

2025-04-01 * "Renovation - PRM" "" #spiir
  spiir-id: "638813513273905001"
  Assets:Checking:Fixed  171.00 DKK
  Expenses:Uncategorized  -171.00 DKK

2025-04-01 * "Sundhedsforsikring - PRM" "" #spiir
  spiir-id: "638813513273905394"
  Assets:Checking:Fixed  191.00 DKK
  Expenses:Uncategorized  -191.00 DKK

2025-04-01 * "Bilforsikr, afgift - PRM" "Bilforsikring & autohjælp" #spiir
  spiir-id: "638813513273905780"
  Assets:Checking:Fixed  300.00 DKK
  Expenses:Car:Insurance  -300.00 DKK

2025-04-01 * "Hus, indboforsikr - PRM" "Husforsikring" #spiir
  spiir-id: "638813513273906169"
  Assets:Checking:Fixed  387.00 DKK
  Expenses:House:Insurance  -387.00 DKK

2025-04-01 * "El, vand og varme - PRM" "El, vand, varme & renovation" #spiir
  spiir-id: "638813513273906556"
  Assets:Checking:Fixed  1084.00 DKK
  Expenses:House:Heating  -1084.00 DKK

2025-04-01 * "Vuggestue - PRM" "Institution" #spiir
  spiir-id: "638813513273906981"
  Assets:Checking:Fixed  3068.00 DKK
  Expenses:Kids:Institution  -3068.00 DKK

2025-04-01 * "iCloud" "Kontooverførsel" #spiir
  spiir-id: "638813513273907365"
  Assets:Checking:Fixed  -69.00 DKK
  Assets:Transfer  69.00 DKK

2025-04-01 * "R-Bakery V/Rene Osterg Hvidovre" "Kiosk, bager & specialbutikker" #spiir
  spiir-id: "638813513346323665"
  Assets:Checking:Dagligvarer  -149.00 DKK
  Expenses:Food:Kiosk  149.00 DKK

2025-04-01 * "Sp Anker Neu Rotterdam" "" #spiir
  spiir-id: "638813513346323988"
  Assets:Checking:Dagligvarer  -655.96 DKK
  Expenses:Uncategorized  655.96 DKK

2025-04-01 * "Fællesudgifter" "Kontooverførsel" #spiir
  spiir-id: "638813513346324298"
  Assets:Checking:Dagligvarer  4500.00 DKK
  Assets:Transfer  -4500.00 DKK

2025-04-01 * "Dagligvarer - PRM" "Dagligvarer" #spiir
  spiir-id: "638813513346324599"
  Assets:Checking:Dagligvarer  4500.00 DKK
  Expenses:Food:Groceries  -4500.00 DKK

2025-04-02 * "Lidl" "Dagligvarer" #spiir
  spiir-id: "638813513346323358"
  Assets:Checking:Dagligvarer  -363.59 DKK
  Expenses:Food:Groceries  363.59 DKK

2025-04-03 * "MobilePay Orion Shanti Dalsgaard Ma" "" #spiir
  spiir-id: "638813512374230779"
  Assets:Checking:Primary  -800.00 DKK
  Expenses:Uncategorized  800.00 DKK

2025-04-03 * "Arca ApS Copenhagen N" "Sport & fritid" #spiir
  spiir-id: "638813512374231160"
  Assets:Checking:Primary  -9.00 DKK
  Expenses:Entertainment:Sports  9.00 DKK

2025-04-03 * "jem & fix" "Ombygning & vedligehold" #spiir
  spiir-id: "638813512374231531"
  Assets:Checking:Primary  -47.95 DKK
  Expenses:House:Renovation  47.95 DKK

2025-04-04 * "A-H Cykler" "Anden transport" #spiir
  spiir-id: "638813512374229195"
  Assets:Checking:Primary  -1144.80 DKK
  Expenses:Transport:Other  1144.80 DKK

2025-04-04 * "Dsb App" "Bus, tog, færge o.l." #spiir
  spiir-id: "638813512374229800"
  Assets:Checking:Primary  -17.60 DKK
  Expenses:Transport:Public  17.60 DKK

2025-04-04 * "Bauhaus Valby" "Ombygning & vedligehold" #spiir
  spiir-id: "638813512374230367"
  Assets:Checking:Primary  -255.85 DKK
  Expenses:House:Renovation  255.85 DKK

2025-04-04 * "hvidovre-atletik.d" "Sport & fritid" #spiir
  spiir-id: "638813513346323065"
  Assets:Checking:Dagligvarer  -400.00 DKK
  Expenses:Entertainment:Sports  400.00 DKK

2025-04-05 * "MobilePay EASY PARK A/S" "Parkering" #spiir
  spiir-id: "638813513346322763"
  Assets:Checking:Dagligvarer  -45.10 DKK
  Expenses:Car:Parking  45.10 DKK

2025-04-06 * "MobilePay Evelyn Strøm Wendt" "" #spiir
  spiir-id: "638813512374228818"
  Assets:Checking:Primary  4000.00 DKK
  Expenses:Uncategorized  -4000.00 DKK

2025-04-06 * "MobilePay EASY PARK A/S" "Parkering" #spiir
  spiir-id: "638813513346322441"
  Assets:Checking:Dagligvarer  -7.20 DKK
  Expenses:Car:Parking  7.20 DKK

2025-04-07 * "Sygeforsikringen Danmark" "Sundheds- & sygeforsikring" #spiir
  spiir-id: "638813513273899327"
  Assets:Checking:Fixed  -419.00 DKK
  Expenses:Insurance:Health  419.00 DKK

2025-04-07 * "charge" "Bankgebyrer" #spiir
  spiir-id: "638813513346320293"
  Assets:Checking:Dagligvarer  -134.50 DKK
  Expenses:Bank:Fees  134.50 DKK

2025-04-07 * "Netto Landemærket" "Dagligvarer" #spiir
  spiir-id: "638813513346320615"
  Assets:Checking:Dagligvarer  -36.90 DKK
  Expenses:Food:Groceries  36.90 DKK

2025-04-07 * "Lidl" "Dagligvarer" #spiir
  spiir-id: "638813513346320971"
  Assets:Checking:Dagligvarer  -243.90 DKK
  Expenses:Food:Groceries  243.90 DKK

2025-04-07 * "Lidl" "Dagligvarer" #spiir
  spiir-id: "638813513346321261"
  Assets:Checking:Dagligvarer  -379.65 DKK
  Expenses:Food:Groceries  379.65 DKK

2025-04-07 * "Bauhaus Valby" "Ombygning & vedligehold" #spiir
  spiir-id: "638813513346321557"
  Assets:Checking:Dagligvarer  -74.95 DKK
  Expenses:House:Renovation  74.95 DKK

2025-04-07 * "Netto Hvidovrevej" "Dagligvarer" #spiir
  spiir-id: "638813513346321847"
  Assets:Checking:Dagligvarer  -247.15 DKK
  Expenses:Food:Groceries  247.15 DKK

2025-04-07 * "Aurora Koebenhavn V" "" #spiir
  spiir-id: "638813513346322143"
  Assets:Checking:Dagligvarer  -47.00 DKK
  Expenses:Uncategorized  47.00 DKK

2025-04-08 * "R-Bakery V/Rene Osterg Hvidovre" "Kiosk, bager & specialbutikker" #spiir
  spiir-id: "638813513346319499"
  Assets:Checking:Dagligvarer  -112.00 DKK
  Expenses:Food:Kiosk  112.00 DKK

2025-04-08 * "R-Bakery V/Rene Osterg Hvidovre" "Kiosk, bager & specialbutikker" #spiir
  spiir-id: "638813513346319906"
  Assets:Checking:Dagligvarer  -55.00 DKK
  Expenses:Food:Kiosk  55.00 DKK

2025-04-10 * "Finn L. & Davidsen" "Ombygning & vedligehold" #spiir
  spiir-id: "638813512374228014"
  Assets:Checking:Primary  -1930.00 DKK
  Expenses:House:Renovation  1930.00 DKK

2025-04-10 * "REMA 1000 Kbh Fred" "Dagligvarer" #spiir
  spiir-id: "638813513346319136"
  Assets:Checking:Dagligvarer  -390.90 DKK
  Expenses:Food:Groceries  390.90 DKK

2025-04-11 * "midhobby.com" "Gaver & velgørenhed" #spiir
  spiir-id: "638813513346317296"
  Assets:Checking:Dagligvarer  -232.00 DKK
  Expenses:Gifts  232.00 DKK

2025-04-11 * "Netto Hvidovrevej" "Dagligvarer" #spiir
  spiir-id: "638813513346317667"
  Assets:Checking:Dagligvarer  -292.50 DKK
  Expenses:Food:Groceries  292.50 DKK

2025-04-11 * "Ikea" "Møbler & boligudstyr" #spiir
  spiir-id: "638813513346318045"
  Assets:Checking:Dagligvarer  -5.00 DKK
  Expenses:Shopping:Furniture  5.00 DKK

2025-04-11 * "Ikea" "Møbler & boligudstyr" #spiir
  spiir-id: "638813513346318407"
  Assets:Checking:Dagligvarer  -185.00 DKK
  Expenses:Shopping:Furniture  185.00 DKK

2025-04-11 * "Ikea" "Møbler & boligudstyr" #spiir
  spiir-id: "638813513346318767"
  Assets:Checking:Dagligvarer  -61.00 DKK
  Expenses:Shopping:Furniture  61.00 DKK

2025-04-12 * "MobilePay EASY PARK A/S" "Parkering" #spiir
  spiir-id: "638813513346316905"
  Assets:Checking:Dagligvarer  -34.65 DKK
  Expenses:Car:Parking  34.65 DKK

2025-04-14 * "Smallegades Apotek" "Apotek & medicin" #spiir
  spiir-id: "638813513346315663"
  Assets:Checking:Dagligvarer  -135.95 DKK
  Expenses:Health:Pharmacy  135.95 DKK

2025-04-14 * "Kvickly Hvidovre" "Dagligvarer" #spiir
  spiir-id: "638813513346316030"
  Assets:Checking:Dagligvarer  -671.50 DKK
  Expenses:Food:Groceries  671.50 DKK

2025-04-14 * "1878534" "" #spiir
  spiir-id: "638813513346316382"
  Assets:Checking:Dagligvarer  -875.00 DKK
  Expenses:Uncategorized  875.00 DKK

2025-04-15 * "Udl. kortbetaling, 1.50% af DKK -23" "Bankgebyrer" #spiir
  spiir-id: "638813512374226614"
  Assets:Checking:Primary  -3.50 DKK
  Expenses:Bank:Fees  3.50 DKK

2025-04-15 * "Rpstrength Rpstrength.Co" "" #spiir
  spiir-id: "638813512374226952"
  Assets:Checking:Primary  -233.41 DKK
  Expenses:Uncategorized  233.41 DKK

2025-04-15 * "Udl. kortbetaling, 1.50% af DKK -10" "Bankgebyrer" #spiir
  spiir-id: "638813512374227320"
  Assets:Checking:Primary  -1.53 DKK
  Expenses:Bank:Fees  1.53 DKK

2025-04-15 * "Audible*8U1YE32H3 Amzn.com/bill" "" #spiir
  spiir-id: "638813512374227648"
  Assets:Checking:Primary  -101.91 DKK
  Expenses:Uncategorized  101.91 DKK

2025-04-15 * "Allé Konditoriet A" "Kiosk, bager & specialbutikker" #spiir
  spiir-id: "638813513346313786"
  Assets:Checking:Dagligvarer  -41.00 DKK
  Expenses:Food:Kiosk  41.00 DKK

2025-04-15 * "Google Nest G.Co/Helppayæ" "Alarmsystem" #spiir
  spiir-id: "638813513346314147"
  Assets:Checking:Dagligvarer  -40.00 DKK
  Expenses:House:Alarm  40.00 DKK

2025-04-15 * "Disney Plus 800-022-1476" "TV & streaming" #spiir
  spiir-id: "638813513346314543"
  Assets:Checking:Dagligvarer  -49.00 DKK
  Expenses:Subscriptions:Streaming  49.00 DKK

2025-04-15 * "R-Bakery V/Rene Osterg Hvidovre" "Kiosk, bager & specialbutikker" #spiir
  spiir-id: "638813513346314911"
  Assets:Checking:Dagligvarer  -134.00 DKK
  Expenses:Food:Kiosk  134.00 DKK

2025-04-15 * "Netto Gl. Køge Lan" "Dagligvarer" #spiir
  spiir-id: "638813513346315291"
  Assets:Checking:Dagligvarer  -289.00 DKK
  Expenses:Food:Groceries  289.00 DKK

2025-04-16 * "Airbnb Hmdm95wfn3 458-988-2000" "Fly & Hotel" #spiir
  spiir-id: "638813512374225845"
  Assets:Checking:Primary  -1905.10 DKK
  Expenses:Travel:Transport  1905.10 DKK

2025-04-16 * "Børne- og Ungeydelse" "Børnepenge" #spiir
  spiir-id: "638813512374226221"
  Assets:Checking:Primary  4742.00 DKK
  Income:ChildBenefit  -4742.00 DKK

2025-04-16 * "Netto Ramløse" "Dagligvarer" #spiir
  spiir-id: "638813513346312966"
  Assets:Checking:Dagligvarer  -110.50 DKK
  Expenses:Food:Groceries  110.50 DKK

2025-04-16 * "REMA 1000 Hvidovre" "Dagligvarer" #spiir
  spiir-id: "638813513346313400"
  Assets:Checking:Dagligvarer  -83.70 DKK
  Expenses:Food:Groceries  83.70 DKK

2025-04-18 * "Stokke seng" "" #spiir
  spiir-id: "638813513346312622"
  Assets:Checking:Dagligvarer  1450.00 DKK
  Expenses:Uncategorized  -1450.00 DKK

2025-04-22 * "Dsb App" "Bus, tog, færge o.l." #spiir
  spiir-id: "638813512374224020"
  Assets:Checking:Primary  -22.00 DKK
  Expenses:Transport:Public  22.00 DKK

2025-04-22 * "Dsb App" "Bus, tog, færge o.l." #spiir
  spiir-id: "638813512374224381"
  Assets:Checking:Primary  -22.00 DKK
  Expenses:Transport:Public  22.00 DKK

2025-04-22 * "Bog & Ide" "Film, musik & læsestof" #spiir
  spiir-id: "638813512374224742"
  Assets:Checking:Primary  -519.85 DKK
  Expenses:Entertainment:Media  519.85 DKK

2025-04-22 * "Dsb App" "Bus, tog, færge o.l." #spiir
  spiir-id: "638813512374225080"
  Assets:Checking:Primary  -36.80 DKK
  Expenses:Transport:Public  36.80 DKK

2025-04-22 * "Dsb App" "Bus, tog, færge o.l." #spiir
  spiir-id: "638813512374225514"
  Assets:Checking:Primary  -17.60 DKK
  Expenses:Transport:Public  17.60 DKK

2025-04-22 * "REMA 1000 Rødovre" "Dagligvarer" #spiir
  spiir-id: "638813513346308301"
  Assets:Checking:Dagligvarer  -390.90 DKK
  Expenses:Food:Groceries  390.90 DKK

2025-04-22 * "Netto Gl. Køge Lan" "Dagligvarer" #spiir
  spiir-id: "638813513346308687"
  Assets:Checking:Dagligvarer  -71.12 DKK
  Expenses:Food:Groceries  71.12 DKK

2025-04-22 * "Bog & Ide" "Film, musik & læsestof" #spiir
  spiir-id: "638813513346309051"
  Assets:Checking:Dagligvarer  -149.90 DKK
  Expenses:Entertainment:Media  149.90 DKK

2025-04-22 * "Apotek Fisketorvet" "Apotek & medicin" #spiir
  spiir-id: "638813513346309418"
  Assets:Checking:Dagligvarer  -89.00 DKK
  Expenses:Health:Pharmacy  89.00 DKK

2025-04-22 * "Starbucks Fisketor" "Bar, cafe & restaurant" #spiir
  spiir-id: "638813513346309763"
  Assets:Checking:Dagligvarer  -85.00 DKK
  Expenses:Food:Restaurant  85.00 DKK

2025-04-22 * "Bauhaus Valby" "Ombygning & vedligehold" #spiir
  spiir-id: "638813513346310119"
  Assets:Checking:Dagligvarer  -442.40 DKK
  Expenses:House:Renovation  442.40 DKK

2025-04-22 * "Bauhaus Valby" "Ombygning & vedligehold" #spiir
  spiir-id: "638813513346310478"
  Assets:Checking:Dagligvarer  244.95 DKK
  Expenses:House:Renovation  -244.95 DKK

2025-04-22 * "Bauhaus Valby" "Ombygning & vedligehold" #spiir
  spiir-id: "638813513346310838"
  Assets:Checking:Dagligvarer  -986.00 DKK
  Expenses:House:Renovation  986.00 DKK

2025-04-22 * "SuperB Brostyk.vej" "Dagligvarer" #spiir
  spiir-id: "638813513346311197"
  Assets:Checking:Dagligvarer  -53.00 DKK
  Expenses:Food:Groceries  53.00 DKK

2025-04-22 * "Spar Karsemose ApS" "Dagligvarer" #spiir
  spiir-id: "638813513346311534"
  Assets:Checking:Dagligvarer  -140.50 DKK
  Expenses:Food:Groceries  140.50 DKK

2025-04-22 * "Cafe Marks Spisehu" "Bar, cafe & restaurant" #spiir
  spiir-id: "638813513346311893"
  Assets:Checking:Dagligvarer  -40.00 DKK
  Expenses:Food:Restaurant  40.00 DKK

2025-04-22 * "tipster.dk 7-2-5" "" #spiir
  spiir-id: "638813513346312245"
  Assets:Checking:Dagligvarer  -250.00 DKK
  Expenses:Uncategorized  250.00 DKK

2025-04-23 * "MobilePay" "" #spiir
  spiir-id: "638813513346303086"
  Assets:Checking:Dagligvarer  -40.00 DKK
  Expenses:Uncategorized  40.00 DKK

2025-04-23 * "Kft Jylland-KBH" "Dagligvarer" #spiir
  spiir-id: "638813513346303557"
  Assets:Checking:Dagligvarer  -187.85 DKK
  Expenses:Food:Groceries  187.85 DKK

2025-04-23 * "Cahit Kesici Valby" "Fastfood & takeaway" #spiir
  spiir-id: "638813513346303962"
  Assets:Checking:Dagligvarer  -179.00 DKK
  Expenses:Food:Takeaway  179.00 DKK

2025-04-23 * "Cahit Kesici Valby" "Fastfood & takeaway" #spiir
  spiir-id: "638813513346304395"
  Assets:Checking:Dagligvarer  -39.00 DKK
  Expenses:Food:Takeaway  39.00 DKK

2025-04-23 * "Apple.Com/Bill" "Online services & software" #spiir
  spiir-id: "638813513346304795"
  Assets:Checking:Dagligvarer  -89.00 DKK
  Expenses:Subscriptions:Software  89.00 DKK

2025-04-23 * "Spotify" "Film, musik & læsestof" #spiir
  spiir-id: "638813513346305182"
  Assets:Checking:Dagligvarer  -149.00 DKK
  Expenses:Entertainment:Media  149.00 DKK

2025-04-23 * "Viva terminal Hvidovre" "Fastfood & takeaway" #spiir
  spiir-id: "638813513346305576"
  Assets:Checking:Dagligvarer  -608.00 DKK
  Expenses:Food:Takeaway  608.00 DKK

2025-04-23 * "Airbnb Hmqcjnrj22 458-988-2000" "Fly & Hotel" #spiir
  spiir-id: "638813513346305970"
  Assets:Checking:Dagligvarer  -1862.34 DKK
  Expenses:Travel:Transport  1862.34 DKK

2025-04-23 * "R-Bakery V/Rene Osterg Hvidovre" "Kiosk, bager & specialbutikker" #spiir
  spiir-id: "638813513346306365"
  Assets:Checking:Dagligvarer  -149.00 DKK
  Expenses:Food:Kiosk  149.00 DKK

2025-04-23 * "Valby Valby" "Fastfood & takeaway" #spiir
  spiir-id: "638813513346306763"
  Assets:Checking:Dagligvarer  -28.00 DKK
  Expenses:Food:Takeaway  28.00 DKK

2025-04-23 * "Mission Dolores Kobenhavn V" "Bar, cafe & restaurant" #spiir
  spiir-id: "638813513346307132"
  Assets:Checking:Dagligvarer  -235.00 DKK
  Expenses:Food:Restaurant  235.00 DKK

2025-04-23 * "Klatrebue" "" #spiir
  spiir-id: "638813513346307522"
  Assets:Checking:Dagligvarer  750.00 DKK
  Expenses:Uncategorized  -750.00 DKK

2025-04-23 * "føtex Hvidovrevej" "Dagligvarer" #spiir
  spiir-id: "638813513346307897"
  Assets:Checking:Dagligvarer  -451.75 DKK
  Expenses:Food:Groceries  451.75 DKK

2025-04-24 * "Til Dagligvarer" "Kontooverførsel" #spiir
  spiir-id: "638813512374223601"
  Assets:Checking:Primary  -2000.00 DKK
  Assets:Transfer  2000.00 DKK

2025-04-24 * "Til Dagligvarer" "Kontooverførsel" #spiir
  spiir-id: "638813513346301114"
  Assets:Checking:Dagligvarer  2000.00 DKK
  Assets:Transfer  -2000.00 DKK

2025-04-24 * "Airbnb" "Fly & Hotel" #spiir
  spiir-id: "638813513346302695"
  Assets:Checking:Dagligvarer  2000.00 DKK
  Expenses:Travel:Transport  -2000.00 DKK

2025-04-25 * "completvvs.dk" "Ombygning & vedligehold" #spiir
  spiir-id: "638813512374222304"
  Assets:Checking:Primary  -1104.00 DKK
  Expenses:House:Renovation  1104.00 DKK

2025-04-28 * "Dsb App" "Bus, tog, færge o.l." #spiir
  spiir-id: "638819408877740292"
  Assets:Checking:Primary  -17.60 DKK
  Expenses:Transport:Public  17.60 DKK

2025-04-28 * "Isted Grill" "Fastfood & takeaway" #spiir
  spiir-id: "638819408877740694"
  Assets:Checking:Primary  -114.00 DKK
  Expenses:Food:Takeaway  114.00 DKK

2025-04-28 * "Killer Kebab" "Fastfood & takeaway" #spiir
  spiir-id: "638819408877741167"
  Assets:Checking:Primary  -95.00 DKK
  Expenses:Food:Takeaway  95.00 DKK

2025-04-28 * "Mc. Kluud A/S" "Bar, cafe & restaurant" #spiir
  spiir-id: "638819408877741631"
  Assets:Checking:Primary  -76.00 DKK
  Expenses:Food:Restaurant  76.00 DKK

2025-04-28 * "Kennedys Irish Bar" "Bar, cafe & restaurant" #spiir
  spiir-id: "638819408877742053"
  Assets:Checking:Primary  -67.00 DKK
  Expenses:Food:Restaurant  67.00 DKK

2025-04-28 * "Killer Kebab" "Fastfood & takeaway" #spiir
  spiir-id: "638819408877742493"
  Assets:Checking:Primary  -95.00 DKK
  Expenses:Food:Takeaway  95.00 DKK

2025-04-28 * "Dsb App" "Bus, tog, færge o.l." #spiir
  spiir-id: "638819408877742926"
  Assets:Checking:Primary  -19.00 DKK
  Expenses:Transport:Public  19.00 DKK

2025-04-28 * "DSB Toilet" "Bus, tog, færge o.l." #spiir
  spiir-id: "638819409641312265"
  Assets:Checking:Dagligvarer  -5.00 DKK
  Expenses:Transport:Public  5.00 DKK

2025-04-28 * "Trust v/Manawar Hu" "Kiosk, bager & specialbutikker" #spiir
  spiir-id: "638819409641312778"
  Assets:Checking:Dagligvarer  -51.00 DKK
  Expenses:Food:Kiosk  51.00 DKK

2025-04-28 * "Netto Strandvejen" "Dagligvarer" #spiir
  spiir-id: "638819409641313993"
  Assets:Checking:Dagligvarer  -24.97 DKK
  Expenses:Food:Groceries  24.97 DKK

2025-04-28 * "Q-Park Waterfront" "Parkering" #spiir
  spiir-id: "638819409641314700"
  Assets:Checking:Dagligvarer  -30.00 DKK
  Expenses:Car:Parking  30.00 DKK

2025-04-28 * "Netto Strandvejen" "Dagligvarer" #spiir
  spiir-id: "638819409641315209"
  Assets:Checking:Dagligvarer  -152.90 DKK
  Expenses:Food:Groceries  152.90 DKK

2025-04-28 * "Experimentarium" "Biograf, koncerter & forlystelser" #spiir
  spiir-id: "638819409641315812"
  Assets:Checking:Dagligvarer  -329.00 DKK
  Expenses:Entertainment:Events  329.00 DKK

2025-04-28 * "Netto Hvidovrevej" "Dagligvarer" #spiir
  spiir-id: "638819409641316317"
  Assets:Checking:Dagligvarer  -433.70 DKK
  Expenses:Food:Groceries  433.70 DKK

2025-04-28 * "Send.Gls.Dk Kolding" "Andet privatforbrug" #spiir
  spiir-id: "638819409641316930"
  Assets:Checking:Dagligvarer  -175.00 DKK
  Expenses:Shopping:Other  175.00 DKK

2025-04-29 * "Crazy Softice Hvidovre" "" #spiir
  spiir-id: "638819408877739344"
  Assets:Checking:Primary  -41.00 DKK
  Expenses:Uncategorized  41.00 DKK

2025-04-29 * "Dsb App" "Bus, tog, færge o.l." #spiir
  spiir-id: "638819408877739872"
  Assets:Checking:Primary  -23.80 DKK
  Expenses:Transport:Public  23.80 DKK

2025-04-29 * "Billetten A/S" "Biograf, koncerter & forlystelser" #spiir
  spiir-id: "638819409641310066"
  Assets:Checking:Dagligvarer  -395.00 DKK
  Expenses:Entertainment:Events  395.00 DKK

2025-04-29 * "tipster.dk 8-2-1" "" #spiir
  spiir-id: "638819409641310609"
  Assets:Checking:Dagligvarer  -110.00 DKK
  Expenses:Uncategorized  110.00 DKK

2025-04-29 * "R-Bakery V/Rene Osterg Hvidovre" "Kiosk, bager & specialbutikker" #spiir
  spiir-id: "638819409641311135"
  Assets:Checking:Dagligvarer  -102.00 DKK
  Expenses:Food:Kiosk  102.00 DKK

2025-04-29 * "R-Bakery V/Rene Osterg Hvidovre" "Kiosk, bager & specialbutikker" #spiir
  spiir-id: "638819409641311714"
  Assets:Checking:Dagligvarer  -27.00 DKK
  Expenses:Food:Kiosk  27.00 DKK

2025-04-30 * "Til Dagligvarer" "Kontooverførsel" #spiir
  spiir-id: "638819408875904095"
  Assets:Checking:Primary  -4000.00 DKK
  Assets:Transfer  4000.00 DKK

2025-04-30 * "Huslån - PRM" "Kontooverførsel" #spiir
  spiir-id: "638819408877737139"
  Assets:Checking:Primary  -7298.00 DKK
  Assets:Transfer  7298.00 DKK

2025-04-30 * "Nedbetaling huslån - PRM" "Kontooverførsel" #spiir
  spiir-id: "638819408877738363"
  Assets:Checking:Primary  -7298.00 DKK
  Assets:Transfer  7298.00 DKK

2025-04-30 * "Huslån - LAH" "Kontooverførsel" #spiir
  spiir-id: "638819409334344922"
  Assets:Checking:Fixed  7298.00 DKK
  Assets:Transfer  -7298.00 DKK

2025-04-30 * "Huslån - PRM" "Kontooverførsel" #spiir
  spiir-id: "638819409334345432"
  Assets:Checking:Fixed  7298.00 DKK
  Assets:Transfer  -7298.00 DKK

2025-04-30 * "Realkredit Danmark" "Boliglån/husleje" #spiir
  spiir-id: "638819409334345943"
  Assets:Checking:Fixed  -14585.60 DKK
  Expenses:House:Mortgage  14585.60 DKK

2025-04-30 * "Bremser og stenslag" "" #spiir
  spiir-id: "638819409641307881"
  Assets:Checking:Dagligvarer  -6449.40 DKK
  Expenses:Uncategorized  6449.40 DKK

2025-04-30 * "Til Dagligvarer" "Kontooverførsel" #spiir
  spiir-id: "638819409641308456"
  Assets:Checking:Dagligvarer  4000.00 DKK
  Assets:Transfer  -4000.00 DKK

2025-04-30 * "Bil og Frankrig" "" #spiir
  spiir-id: "638819409641309019"
  Assets:Checking:Dagligvarer  4000.00 DKK
  Expenses:Uncategorized  -4000.00 DKK

2025-04-30 * "Shell Express-9316" "Brændstof" #spiir
  spiir-id: "638819409641309531"
  Assets:Checking:Dagligvarer  -511.33 DKK
  Expenses:Car:Gas  511.33 DKK

2025-05-01 * "hiper.dk" "Telefoni & internet" #spiir
  spiir-id: "638819408875896849"
  Assets:Checking:Primary  -339.00 DKK
  Expenses:Subscriptions:Telecom  339.00 DKK

2025-05-01 * "3 Danmark Koebenhavn SV" "Telefoni & internet" #spiir
  spiir-id: "638819408875898365"
  Assets:Checking:Primary  -165.28 DKK
  Expenses:Subscriptions:Telecom  165.28 DKK

2025-05-01 * "Spotify" "Kontooverførsel" #spiir
  spiir-id: "638819408875899054"
  Assets:Checking:Primary  -97.00 DKK
  Assets:Transfer  97.00 DKK

2025-05-01 * "Renovation - PRM" "Kontooverførsel" #spiir
  spiir-id: "638819408875899510"
  Assets:Checking:Primary  -171.00 DKK
  Assets:Transfer  171.00 DKK

2025-05-01 * "Sundhedsforsikring - PRM" "Kontooverførsel" #spiir
  spiir-id: "638819408875899935"
  Assets:Checking:Primary  -191.00 DKK
  Assets:Transfer  191.00 DKK

2025-05-01 * "Bilforsikr, afgift - PRM" "Kontooverførsel" #spiir
  spiir-id: "638819408875900347"
  Assets:Checking:Primary  -300.00 DKK
  Assets:Transfer  300.00 DKK

2025-05-01 * "Hus, indboforsikr - PRM" "Kontooverførsel" #spiir
  spiir-id: "638819408875900777"
  Assets:Checking:Primary  -387.00 DKK
  Assets:Transfer  387.00 DKK

2025-05-01 * "Ulykkesforsikring" "Kontooverførsel" #spiir
  spiir-id: "638819408875901162"
  Assets:Checking:Primary  -588.80 DKK
  Assets:Transfer  588.80 DKK

2025-05-01 * "El, vand og varme - PRM" "Kontooverførsel" #spiir
  spiir-id: "638819408875901576"
  Assets:Checking:Primary  -1084.00 DKK
  Assets:Transfer  1084.00 DKK

2025-05-01 * "Vuggestue - PRM" "Kontooverførsel" #spiir
  spiir-id: "638819408875901986"
  Assets:Checking:Primary  -3068.00 DKK
  Assets:Transfer  3068.00 DKK

2025-05-01 * "Dagligvarer - PRM" "Kontooverførsel" #spiir
  spiir-id: "638819408875902419"
  Assets:Checking:Primary  -4500.00 DKK
  Assets:Transfer  4500.00 DKK

2025-05-01 * "iCloud Fastefæll.udgifte" "Kontooverførsel" #spiir
  spiir-id: "638819408875902821"
  Assets:Checking:Primary  69.00 DKK
  Assets:Transfer  -69.00 DKK

2025-05-01 * "Lønoverførsel" "Løn" #spiir
  spiir-id: "638819408877738833"
  Assets:Checking:Primary  45249.00 DKK
  Income:Salary  -45249.00 DKK

2025-05-01 * "Ok A.M.B.A" "Brændstof" #spiir
  spiir-id: "638819409334335276"
  Assets:Checking:Fixed  -497.72 DKK
  Expenses:Car:Gas  497.72 DKK

2025-05-01 * "Hvidovre kommune" "Institution" #spiir
  spiir-id: "638819409334336692"
  Assets:Checking:Fixed  -6136.00 DKK
  Expenses:Kids:Institution  6136.00 DKK

2025-05-01 * "Spotify" "Kontooverførsel" #spiir
  spiir-id: "638819409334337189"
  Assets:Checking:Fixed  97.00 DKK
  Assets:Transfer  -97.00 DKK

2025-05-01 * "Renovation - LAH" "Kontooverførsel" #spiir
  spiir-id: "638819409334337815"
  Assets:Checking:Fixed  171.00 DKK
  Assets:Transfer  -171.00 DKK

2025-05-01 * "Sundhedsforsikring - LAH" "Kontooverførsel" #spiir
  spiir-id: "638819409334338266"
  Assets:Checking:Fixed  191.00 DKK
  Assets:Transfer  -191.00 DKK

2025-05-01 * "Bilforsikr, afgift - LAH" "Kontooverførsel" #spiir
  spiir-id: "638819409334338717"
  Assets:Checking:Fixed  300.00 DKK
  Assets:Transfer  -300.00 DKK

2025-05-01 * "Hus, indboforsikr - LAH" "Kontooverførsel" #spiir
  spiir-id: "638819409334339212"
  Assets:Checking:Fixed  387.00 DKK
  Assets:Transfer  -387.00 DKK

2025-05-01 * "El, vand og varme - LAH" "Kontooverførsel" #spiir
  spiir-id: "638819409334339653"
  Assets:Checking:Fixed  1084.00 DKK
  Assets:Transfer  -1084.00 DKK

2025-05-01 * "Vuggestue - LAH" "Kontooverførsel" #spiir
  spiir-id: "638819409334340117"
  Assets:Checking:Fixed  3068.00 DKK
  Assets:Transfer  -3068.00 DKK

2025-05-01 * "Spotify" "Film, musik & læsestof" #spiir
  spiir-id: "638819409334340553"
  Assets:Checking:Fixed  97.00 DKK
  Expenses:Entertainment:Media  -97.00 DKK

2025-05-01 * "Renovation - PRM" "" #spiir
  spiir-id: "638819409334341044"
  Assets:Checking:Fixed  171.00 DKK
  Expenses:Uncategorized  -171.00 DKK

2025-05-01 * "Sundhedsforsikring - PRM" "" #spiir
  spiir-id: "638819409334341487"
  Assets:Checking:Fixed  191.00 DKK
  Expenses:Uncategorized  -191.00 DKK

2025-05-01 * "Bilforsikr, afgift - PRM" "Bilforsikring & autohjælp" #spiir
  spiir-id: "638819409334341964"
  Assets:Checking:Fixed  300.00 DKK
  Expenses:Car:Insurance  -300.00 DKK

2025-05-01 * "Hus, indboforsikr - PRM" "Husforsikring" #spiir
  spiir-id: "638819409334342462"
  Assets:Checking:Fixed  387.00 DKK
  Expenses:House:Insurance  -387.00 DKK

2025-05-01 * "Ulykkesforsikring - PRM" "Kontooverførsel" #spiir
  spiir-id: "638819409334342985"
  Assets:Checking:Fixed  588.80 DKK
  Assets:Transfer  -588.80 DKK

2025-05-01 * "El, vand og varme - PRM" "El, vand, varme & renovation" #spiir
  spiir-id: "638819409334343488"
  Assets:Checking:Fixed  1084.00 DKK
  Expenses:House:Heating  -1084.00 DKK

2025-05-01 * "Vuggestue - PRM" "Institution" #spiir
  spiir-id: "638819409334343980"
  Assets:Checking:Fixed  3068.00 DKK
  Expenses:Kids:Institution  -3068.00 DKK

2025-05-01 * "iCloud" "Kontooverførsel" #spiir
  spiir-id: "638819409334344486"
  Assets:Checking:Fixed  -69.00 DKK
  Assets:Transfer  69.00 DKK

2025-05-01 * "Crazy Softice Hvidovre" "" #spiir
  spiir-id: "638819409641305217"
  Assets:Checking:Dagligvarer  -42.00 DKK
  Expenses:Uncategorized  42.00 DKK

2025-05-01 * "Fællesudgifter" "Kontooverførsel" #spiir
  spiir-id: "638819409641305790"
  Assets:Checking:Dagligvarer  4500.00 DKK
  Assets:Transfer  -4500.00 DKK

2025-05-01 * "Dagligvarer - PRM" "Dagligvarer" #spiir
  spiir-id: "638819409641306297"
  Assets:Checking:Dagligvarer  4500.00 DKK
  Expenses:Food:Groceries  -4500.00 DKK

2025-05-01 * "Netto Valby Maskin" "Dagligvarer" #spiir
  spiir-id: "638819409641306824"
  Assets:Checking:Dagligvarer  -99.10 DKK
  Expenses:Food:Groceries  99.10 DKK

2025-05-01 * "Bon Bon Café" "Bar, cafe & restaurant" #spiir
  spiir-id: "638819409641307338"
  Assets:Checking:Dagligvarer  -45.00 DKK
  Expenses:Food:Restaurant  45.00 DKK

2025-05-02 * "føtex Friheden" "Dagligvarer" #spiir
  spiir-id: "638819409641304030"
  Assets:Checking:Dagligvarer  -117.00 DKK
  Expenses:Food:Groceries  117.00 DKK

2025-05-02 * "SuperB Brostyk.vej" "Dagligvarer" #spiir
  spiir-id: "638819409641304688"
  Assets:Checking:Dagligvarer  -97.90 DKK
  Expenses:Food:Groceries  97.90 DKK

2025-05-03 * "MobilePay Ghulam Abbas" "" #spiir
  spiir-id: "638819409641301466"
  Assets:Checking:Dagligvarer  -100.00 DKK
  Expenses:Uncategorized  100.00 DKK

2025-05-03 * "MobilePay EASY PARK A/S" "Parkering" #spiir
  spiir-id: "638819409641303387"
  Assets:Checking:Dagligvarer  -34.39 DKK
  Expenses:Car:Parking  34.39 DKK

2025-05-05 * "Ida Ingeniørfore. i Danm" "Fagforening & a-kasse" #spiir
  spiir-id: "638820314423106003"
  Assets:Checking:Primary  -878.25 DKK
  Expenses:Insurance:Union  878.25 DKK

2025-05-05 * "Hofor A/S" "El, vand, varme & renovation" #spiir
  spiir-id: "638820314655868332"
  Assets:Checking:Fixed  -2702.16 DKK
  Expenses:House:Heating  2702.16 DKK

2025-05-05 * "Gebr. Heinemann" "Bar, cafe & restaurant" #spiir
  spiir-id: "638820314894339994"
  Assets:Checking:Dagligvarer  -17.00 DKK
  Expenses:Food:Restaurant  17.00 DKK

2025-05-05 * "Lagkagehuset" "Kiosk, bager & specialbutikker" #spiir
  spiir-id: "638820314894341992"
  Assets:Checking:Dagligvarer  -158.00 DKK
  Expenses:Food:Kiosk  158.00 DKK

2025-05-05 * "Børneloppen Valby" "Babyudstyr" #spiir
  spiir-id: "638820314894342779"
  Assets:Checking:Dagligvarer  -171.25 DKK
  Expenses:Kids:Baby  171.25 DKK

2025-05-06 * "Evida Service Nord A/S" "El, vand, varme & renovation" #spiir
  spiir-id: "638821135128512442"
  Assets:Checking:Fixed  -1603.50 DKK
  Expenses:House:Heating  1603.50 DKK

2025-05-06 * "JOE THE JUICE A/S Kobenhavn" "Bar, cafe & restaurant" #spiir
  spiir-id: "638821135391252765"
  Assets:Checking:Dagligvarer  -80.00 DKK
  Expenses:Food:Restaurant  80.00 DKK

2025-05-06 * "Good Mate Coffee Antibes" "Bar, cafe & restaurant" #spiir
  spiir-id: "638821135391254622"
  Assets:Checking:Dagligvarer  -90.02 DKK
  Expenses:Food:Restaurant  90.02 DKK

2025-05-06 * "Kobalt Antibes" "" #spiir
  spiir-id: "638821135391255336"
  Assets:Checking:Dagligvarer  -208.70 DKK
  Expenses:Uncategorized  208.70 DKK

2025-05-06 * "Ubr* Pending.Uber.Com Amsterdan" "" #spiir
  spiir-id: "638821135391255974"
  Assets:Checking:Dagligvarer  -195.00 DKK
  Expenses:Uncategorized  195.00 DKK

2025-05-06 * "UBER TRIP HELP.UBER.COM Amsterd" "Taxi" #spiir
  spiir-id: "638821135391256582"
  Assets:Checking:Dagligvarer  -86.00 DKK
  Expenses:Transport:Taxi  86.00 DKK

2025-05-06 * "La Tarte Tropezi2961541 Nice" "" #spiir
  spiir-id: "638821135391257139"
  Assets:Checking:Dagligvarer  -129.78 DKK
  Expenses:Uncategorized  129.78 DKK

2025-05-06 * "In Burgers Saint Raphael" "" #spiir
  spiir-id: "638821135391257693"
  Assets:Checking:Dagligvarer  -194.67 DKK
  Expenses:Uncategorized  194.67 DKK

2025-05-06 * "Orezza Saint-Raphael" "" #spiir
  spiir-id: "638821135391258249"
  Assets:Checking:Dagligvarer  -335.32 DKK
  Expenses:Uncategorized  335.32 DKK

2025-05-06 * "Lucky'4 83SAINT-RAPHA" "" #spiir
  spiir-id: "638821135391258737"
  Assets:Checking:Dagligvarer  -375.09 DKK
  Expenses:Uncategorized  375.09 DKK

2025-05-06 * "Petite Hainan Saint-Rapha" "" #spiir
  spiir-id: "638821135391259287"
  Assets:Checking:Dagligvarer  -363.83 DKK
  Expenses:Uncategorized  363.83 DKK

2025-05-06 * "Kaake Streetfood Antibes" "" #spiir
  spiir-id: "638821135391259787"
  Assets:Checking:Dagligvarer  -315.07 DKK
  Expenses:Uncategorized  315.07 DKK

2025-05-06 * "Maison Cochet St Raphael" "" #spiir
  spiir-id: "638821135391260266"
  Assets:Checking:Dagligvarer  -47.27 DKK
  Expenses:Uncategorized  47.27 DKK

2025-05-06 * "Escota Vinci" "Ferieaktiviteter" #spiir
  spiir-id: "638821135391260820"
  Assets:Checking:Dagligvarer  -12.75 DKK
  Expenses:Travel:Activities  12.75 DKK

2025-05-06 * "Gelataria Ital Antibes" "" #spiir
  spiir-id: "638821135391261377"
  Assets:Checking:Dagligvarer  -90.02 DKK
  Expenses:Uncategorized  90.02 DKK

2025-05-06 * "Monoprix 83Straphasc01" "" #spiir
  spiir-id: "638821135391261916"
  Assets:Checking:Dagligvarer  -183.64 DKK
  Expenses:Uncategorized  183.64 DKK

2025-05-06 * "Monoprix 83Straphasc01" "" #spiir
  spiir-id: "638821135391262406"
  Assets:Checking:Dagligvarer  -16.43 DKK
  Expenses:Uncategorized  16.43 DKK

2025-05-06 * "Monoprix 83Straphasc01" "" #spiir
  spiir-id: "638821135391442828"
  Assets:Checking:Dagligvarer  -134.95 DKK
  Expenses:Uncategorized  134.95 DKK

2025-05-06 * "Monoprix 83Straphasc01" "" #spiir
  spiir-id: "638821135391444203"
  Assets:Checking:Dagligvarer  -743.26 DKK
  Expenses:Uncategorized  743.26 DKK

2025-05-06 * "Escota Vinci" "Ferieaktiviteter" #spiir
  spiir-id: "638821135391444836"
  Assets:Checking:Dagligvarer  -12.00 DKK
  Expenses:Travel:Activities  12.00 DKK

2025-05-06 * "Escota Vinci" "Ferieaktiviteter" #spiir
  spiir-id: "638821135391445393"
  Assets:Checking:Dagligvarer  -22.50 DKK
  Expenses:Travel:Activities  22.50 DKK

2025-05-06 * "Monoprix 83Straphasc01" "" #spiir
  spiir-id: "638821135391445925"
  Assets:Checking:Dagligvarer  -70.37 DKK
  Expenses:Uncategorized  70.37 DKK

2025-05-06 * "Luna Park Frejus" "" #spiir
  spiir-id: "638821135391446445"
  Assets:Checking:Dagligvarer  -180.04 DKK
  Expenses:Uncategorized  180.04 DKK

2025-05-06 * "MobilePay Orion Shanti Dalsgaard Ma" "" #spiir
  spiir-id: "638821967489337601"
  Assets:Checking:Primary  -1000.00 DKK
  Expenses:Uncategorized  1000.00 DKK

2025-05-07 * "Utile 83Cotignac" "" #spiir
  spiir-id: "638821967864859798"
  Assets:Checking:Dagligvarer  -214.40 DKK
  Expenses:Uncategorized  214.40 DKK

2025-05-07 * "Auchan Sup 945 Saint Raphael" "" #spiir
  spiir-id: "638821967864861564"
  Assets:Checking:Dagligvarer  -424.44 DKK
  Expenses:Uncategorized  424.44 DKK

2025-05-07 * "Escota Vinci" "Ferieaktiviteter" #spiir
  spiir-id: "638821967864862172"
  Assets:Checking:Dagligvarer  -36.76 DKK
  Expenses:Travel:Activities  36.76 DKK

2025-05-08 * "Skattestyrelsen Motor Op" "Ejerafgift/grøn afgift" #spiir
  spiir-id: "638822866314424587"
  Assets:Checking:Fixed  -1570.00 DKK
  Expenses:Car:Tax  1570.00 DKK

2025-05-08 * "Gonzalez Stephane Salerne" "" #spiir
  spiir-id: "638822866567511361"
  Assets:Checking:Dagligvarer  -187.53 DKK
  Expenses:Uncategorized  187.53 DKK

2025-05-08 * "Bontemps St Raphael" "" #spiir
  spiir-id: "638822866567513638"
  Assets:Checking:Dagligvarer  -57.77 DKK
  Expenses:Uncategorized  57.77 DKK

2025-05-08 * "Utile 83Cotignac" "" #spiir
  spiir-id: "638822866567514310"
  Assets:Checking:Dagligvarer  -147.62 DKK
  Expenses:Uncategorized  147.62 DKK

2025-05-08 * "Mme Mia Matillon Montfort Sur" "" #spiir
  spiir-id: "638822866567514931"
  Assets:Checking:Dagligvarer  -30.01 DKK
  Expenses:Uncategorized  30.01 DKK

2025-05-11 * "MobilePay Rasmus Eriksen" "" #spiir
  spiir-id: "638826310298454265"
  Assets:Checking:Primary  -35.00 DKK
  Expenses:Uncategorized  35.00 DKK

2025-05-12 * "Mme Mia Matillon Montfort Sur" "" #spiir
  spiir-id: "638826310924102443"
  Assets:Checking:Dagligvarer  -30.00 DKK
  Expenses:Uncategorized  30.00 DKK

2025-05-12 * "Utile 83Cotignac" "" #spiir
  spiir-id: "638826310924104085"
  Assets:Checking:Dagligvarer  -225.20 DKK
  Expenses:Uncategorized  225.20 DKK

2025-05-12 * "Les Trois Marches Cotignac" "" #spiir
  spiir-id: "638826310924104682"
  Assets:Checking:Dagligvarer  -494.95 DKK
  Expenses:Uncategorized  494.95 DKK

2025-05-13 * "Udl. kortbetaling, 1.50% af DKK -99" "Bankgebyrer" #spiir
  spiir-id: "638827197961008153"
  Assets:Checking:Primary  -1.49 DKK
  Expenses:Bank:Fees  1.49 DKK

2025-05-13 * "Audible*NI98T6VV0 Amzn.com/bill" "" #spiir
  spiir-id: "638827197961009886"
  Assets:Checking:Primary  -99.63 DKK
  Expenses:Uncategorized  99.63 DKK

2025-05-13 * "Vue Mdlxrxpv Cotignac" "" #spiir
  spiir-id: "638827197961010769"
  Assets:Checking:Primary  -284.96 DKK
  Expenses:Uncategorized  284.96 DKK

2025-05-13 * "Disney Plus 800-022-1476" "TV & streaming" #spiir
  spiir-id: "638827198450636878"
  Assets:Checking:Dagligvarer  -49.00 DKK
  Expenses:Subscriptions:Streaming  49.00 DKK

2025-05-13 * "Les Salines Aups" "" #spiir
  spiir-id: "638827198450639173"
  Assets:Checking:Dagligvarer  -30.00 DKK
  Expenses:Uncategorized  30.00 DKK

2025-05-13 * "Lou Gourmandises Cotignac" "" #spiir
  spiir-id: "638827198450639805"
  Assets:Checking:Dagligvarer  -102.74 DKK
  Expenses:Uncategorized  102.74 DKK

2025-05-13 * "Lou Gourmandises Cotignac" "" #spiir
  spiir-id: "638827198450640397"
  Assets:Checking:Dagligvarer  -251.22 DKK
  Expenses:Uncategorized  251.22 DKK

2025-05-13 * "Blouin Sillans-La-Ca" "" #spiir
  spiir-id: "638827198450640957"
  Assets:Checking:Dagligvarer  -101.25 DKK
  Expenses:Uncategorized  101.25 DKK

2025-05-13 * "Regie Parkin Aut2715016 83Silla" "" #spiir
  spiir-id: "638827198450641551"
  Assets:Checking:Dagligvarer  -30.00 DKK
  Expenses:Uncategorized  30.00 DKK

2025-05-14 * "Udl. kortbetaling, 1.50% af DKK -23" "Bankgebyrer" #spiir
  spiir-id: "638828075786019886"
  Assets:Checking:Primary  -3.50 DKK
  Expenses:Bank:Fees  3.50 DKK

2025-05-14 * "Rpstrength Rpstrength.Co" "" #spiir
  spiir-id: "638828075786022262"
  Assets:Checking:Primary  -233.17 DKK
  Expenses:Uncategorized  233.17 DKK

2025-05-14 * "Monoprix 06Nice000sc27" "" #spiir
  spiir-id: "638828076284203215"
  Assets:Checking:Dagligvarer  -151.33 DKK
  Expenses:Uncategorized  151.33 DKK

2025-05-14 * "Escota Vinci" "Ferieaktiviteter" #spiir
  spiir-id: "638828076284205279"
  Assets:Checking:Dagligvarer  -62.99 DKK
  Expenses:Travel:Activities  62.99 DKK

2025-05-14 * "Patisserie Moutet Nice" "" #spiir
  spiir-id: "638828076284205932"
  Assets:Checking:Dagligvarer  -41.25 DKK
  Expenses:Uncategorized  41.25 DKK

2025-05-14 * "Ping Ji Nice" "" #spiir
  spiir-id: "638828076284206538"
  Assets:Checking:Dagligvarer  -65.62 DKK
  Expenses:Uncategorized  65.62 DKK

2025-05-14 * "Chez Jean 06373993 Cb S" "" #spiir
  spiir-id: "638828076284207082"
  Assets:Checking:Dagligvarer  -87.74 DKK
  Expenses:Uncategorized  87.74 DKK

2025-05-14 * "Google Nest g.co/helppayÆ" "Alarmsystem" #spiir
  spiir-id: "638828076284207612"
  Assets:Checking:Dagligvarer  -40.00 DKK
  Expenses:House:Alarm  40.00 DKK

2025-05-14 * "Total 06Cagnes Sur" "" #spiir
  spiir-id: "638828076284208209"
  Assets:Checking:Dagligvarer  -271.03 DKK
  Expenses:Uncategorized  271.03 DKK

2025-05-14 * "Rla Automate Sc 2350659 06Nice" "Bus, tog, færge o.l." #spiir
  spiir-id: "638828076284208798"
  Assets:Checking:Dagligvarer  -149.98 DKK
  Expenses:Transport:Public  149.98 DKK

2025-05-14 * "Escota Vinci" "Ferieaktiviteter" #spiir
  spiir-id: "638828076284209329"
  Assets:Checking:Dagligvarer  -26.25 DKK
  Expenses:Travel:Activities  26.25 DKK

2025-05-14 * "Lou Pilha Leva Nice" "" #spiir
  spiir-id: "638828076284209920"
  Assets:Checking:Dagligvarer  -70.49 DKK
  Expenses:Uncategorized  70.49 DKK

2025-05-14 * "Sarl Lnks St Laurent Du" "" #spiir
  spiir-id: "638828076284210487"
  Assets:Checking:Dagligvarer  -78.74 DKK
  Expenses:Uncategorized  78.74 DKK

2025-05-14 * "Yitong Nice" "" #spiir
  spiir-id: "638828076284211016"
  Assets:Checking:Dagligvarer  -53.99 DKK
  Expenses:Uncategorized  53.99 DKK

2025-05-14 * "Dsb App" "Bus, tog, færge o.l." #spiir
  spiir-id: "638828945049707949"
  Assets:Checking:Primary  -59.50 DKK
  Expenses:Transport:Public  59.50 DKK

2025-05-15 * "Sc Emilie's Nice" "" #spiir
  spiir-id: "638828945631517693"
  Assets:Checking:Dagligvarer  -164.24 DKK
  Expenses:Uncategorized  164.24 DKK

2025-05-15 * "Ebolution Nice" "" #spiir
  spiir-id: "638828945631519289"
  Assets:Checking:Dagligvarer  -116.24 DKK
  Expenses:Uncategorized  116.24 DKK

2025-05-15 * "Ping Ji Nice" "" #spiir
  spiir-id: "638828945631520026"
  Assets:Checking:Dagligvarer  -148.12 DKK
  Expenses:Uncategorized  148.12 DKK

2025-05-15 * "Bo' Panier Nice" "" #spiir
  spiir-id: "638828945631520600"
  Assets:Checking:Dagligvarer  -72.74 DKK
  Expenses:Uncategorized  72.74 DKK

2025-05-15 * "Naturalia 06Nice000sc39" "" #spiir
  spiir-id: "638828945631521138"
  Assets:Checking:Dagligvarer  -68.10 DKK
  Expenses:Uncategorized  68.10 DKK

2025-05-15 * "Huong Nguyen Nice" "" #spiir
  spiir-id: "638828945631521660"
  Assets:Checking:Dagligvarer  -247.47 DKK
  Expenses:Uncategorized  247.47 DKK

2025-05-15 * "Little Hanoi 06Nice" "" #spiir
  spiir-id: "638828945631522159"
  Assets:Checking:Dagligvarer  -457.47 DKK
  Expenses:Uncategorized  457.47 DKK

2025-05-15 * "Til Dagligvarer" "Kontooverførsel" #spiir
  spiir-id: "638829788115509668"
  Assets:Checking:Primary  -2000.00 DKK
  Assets:Transfer  2000.00 DKK

2025-05-15 * "Dsb App" "Bus, tog, færge o.l." #spiir
  spiir-id: "638829788115511345"
  Assets:Checking:Primary  -22.00 DKK
  Expenses:Transport:Public  22.00 DKK

2025-05-15 * "Dsb App" "Bus, tog, færge o.l." #spiir
  spiir-id: "638829788115512032"
  Assets:Checking:Primary  -22.00 DKK
  Expenses:Transport:Public  22.00 DKK

2025-05-15 * "Til Dagligvarer" "Kontooverførsel" #spiir
  spiir-id: "638829788619150594"
  Assets:Checking:Dagligvarer  2000.00 DKK
  Assets:Transfer  -2000.00 DKK

2025-05-15 * "Frankrig" "Ferieaktiviteter" #spiir
  spiir-id: "638829788619151050"
  Assets:Checking:Dagligvarer  2000.00 DKK
  Expenses:Travel:Activities  -2000.00 DKK

2025-05-15 * "avxperten.dk" "Elektronik & computerudstyr" #spiir
  spiir-id: "638829788619151460"
  Assets:Checking:Dagligvarer  -588.00 DKK
  Expenses:Shopping:Electronics  588.00 DKK

2025-05-16 * "Celine Nice" "" #spiir
  spiir-id: "638829788619145906"
  Assets:Checking:Dagligvarer  -99.36 DKK
  Expenses:Uncategorized  99.36 DKK

2025-05-16 * "Chez Wenjun Nice" "" #spiir
  spiir-id: "638829788619147836"
  Assets:Checking:Dagligvarer  -637.46 DKK
  Expenses:Uncategorized  637.46 DKK

2025-05-16 * "Relay 06373522 Cb S" "" #spiir
  spiir-id: "638829788619148349"
  Assets:Checking:Dagligvarer  -52.41 DKK
  Expenses:Uncategorized  52.41 DKK

2025-05-16 * "Ebolution Nice" "" #spiir
  spiir-id: "638829788619148811"
  Assets:Checking:Dagligvarer  -78.73 DKK
  Expenses:Uncategorized  78.73 DKK

2025-05-16 * "Inflight Services Norwegi Kista" "Ferieaktiviteter" #spiir
  spiir-id: "638829788619149284"
  Assets:Checking:Dagligvarer  -26.00 DKK
  Expenses:Travel:Activities  26.00 DKK

2025-05-16 * "hobo 06NICE" "" #spiir
  spiir-id: "638829788619149730"
  Assets:Checking:Dagligvarer  -359.91 DKK
  Expenses:Uncategorized  359.91 DKK

2025-05-16 * "Lidl" "Dagligvarer" #spiir
  spiir-id: "638829788619150190"
  Assets:Checking:Dagligvarer  -265.35 DKK
  Expenses:Food:Groceries  265.35 DKK

2025-05-16 * "Hitster - gave mark" "Kontooverførsel" #spiir
  spiir-id: "638830640564056825"
  Assets:Checking:Primary  -190.00 DKK
  Assets:Transfer  190.00 DKK

2025-05-16 * "Hitster - gave mark" "Kontooverførsel" #spiir
  spiir-id: "638830640956902760"
  Assets:Checking:Dagligvarer  190.00 DKK
  Assets:Transfer  -190.00 DKK

2025-05-16 * "Dagli Brugsen" "Dagligvarer" #spiir
  spiir-id: "638830640956904512"
  Assets:Checking:Dagligvarer  -100.00 DKK
  Expenses:Food:Groceries  100.00 DKK

2025-05-17 * "MobilePay Orion Shanti Dalsgaard Ma" "" #spiir
  spiir-id: "638831475810884441"
  Assets:Checking:Primary  -285.00 DKK
  Expenses:Uncategorized  285.00 DKK

2025-05-19 * "loebeshop.dk" "Hobby & sportsudstyr" #spiir
  spiir-id: "638832335246241880"
  Assets:Checking:Primary  -3097.00 DKK
  Expenses:Shopping:Sports  3097.00 DKK

2025-05-19 * "Udl. kortbetaling, 1.50% af DKK -62" "Bankgebyrer" #spiir
  spiir-id: "638832335246243629"
  Assets:Checking:Primary  -9.44 DKK
  Expenses:Bank:Fees  9.44 DKK

2025-05-19 * "Sp Meridian Grooming Meridiangroo" "" #spiir
  spiir-id: "638832335246244131"
  Assets:Checking:Primary  -629.00 DKK
  Expenses:Uncategorized  629.00 DKK

2025-05-19 * "Kvickly Hvidovre" "Dagligvarer" #spiir
  spiir-id: "638832335946426571"
  Assets:Checking:Dagligvarer  -831.05 DKK
  Expenses:Food:Groceries  831.05 DKK

2025-05-19 * "REMA 1000 Hvidovre" "Dagligvarer" #spiir
  spiir-id: "638832335946428541"
  Assets:Checking:Dagligvarer  -406.55 DKK
  Expenses:Food:Groceries  406.55 DKK

2025-05-19 * "Espresso House7152" "Bar, cafe & restaurant" #spiir
  spiir-id: "638832335946429168"
  Assets:Checking:Dagligvarer  -52.00 DKK
  Expenses:Food:Restaurant  52.00 DKK

2025-05-19 * "Børneloppen Valby" "Babyudstyr" #spiir
  spiir-id: "638832335946430622"
  Assets:Checking:Dagligvarer  -167.50 DKK
  Expenses:Kids:Baby  167.50 DKK

2025-05-19 * "selvbetjening.id-p 2BED6" "" #spiir
  spiir-id: "638833248594606059"
  Assets:Checking:Primary  -505.00 DKK
  Expenses:Uncategorized  505.00 DKK

2025-05-19 * "hyggeonkel.dk" "Gaver & velgørenhed" #spiir
  spiir-id: "638833249432251425"
  Assets:Checking:Dagligvarer  -609.80 DKK
  Expenses:Gifts  609.80 DKK

2025-05-20 * "Fra Lee Ann Hollesen" "Kontooverførsel" #spiir
  spiir-id: "638833249432248347"
  Assets:Checking:Dagligvarer  1000.00 DKK
  Assets:Transfer  -1000.00 DKK

2025-05-20 * "Apple.Com/Bill" "Online services & software" #spiir
  spiir-id: "638833249432250129"
  Assets:Checking:Dagligvarer  -89.00 DKK
  Expenses:Subscriptions:Software  89.00 DKK

2025-05-20 * "Spotify" "Film, musik & læsestof" #spiir
  spiir-id: "638833249432250835"
  Assets:Checking:Dagligvarer  -149.00 DKK
  Expenses:Entertainment:Media  149.00 DKK

2025-05-20 * "Til Dagligvarer" "Kontooverførsel" #spiir
  spiir-id: "638834136315133265"
  Assets:Checking:Primary  -1000.00 DKK
  Assets:Transfer  1000.00 DKK

2025-05-20 * "Til Dagligvarer" "Dagligvarer" #spiir
  spiir-id: "638834136826062460"
  Assets:Checking:Dagligvarer  1000.00 DKK
  Expenses:Food:Groceries  -1000.00 DKK

2025-05-21 * "R-Bakery V/Rene Osterg Hvidovre" "Kiosk, bager & specialbutikker" #spiir
  spiir-id: "638834136314997074"
  Assets:Checking:Primary  -122.00 DKK
  Expenses:Food:Kiosk  122.00 DKK

2025-05-21 * "REMA 1000 Valby" "Dagligvarer" #spiir
  spiir-id: "638834136824643362"
  Assets:Checking:Dagligvarer  -22.95 DKK
  Expenses:Food:Groceries  22.95 DKK

2025-05-21 * "MobilePay Orion Shanti Dalsgaard Ma" "" #spiir
  spiir-id: "638834991707834134"
  Assets:Checking:Primary  150.00 DKK
  Expenses:Uncategorized  -150.00 DKK

2025-05-22 * "Garmin Southampton" "Hobby & sportsudstyr" #spiir
  spiir-id: "638834991707732801"
  Assets:Checking:Primary  -49.00 DKK
  Expenses:Shopping:Sports  49.00 DKK

2025-05-22 * "REMA 1000 Rødovre" "Dagligvarer" #spiir
  spiir-id: "638834992349257725"
  Assets:Checking:Dagligvarer  -57.45 DKK
  Expenses:Food:Groceries  57.45 DKK

2025-05-22 * "Dsb App" "Bus, tog, færge o.l." #spiir
  spiir-id: "638835823019965201"
  Assets:Checking:Primary  -22.00 DKK
  Expenses:Transport:Public  22.00 DKK

2025-05-23 * "Dsb App" "Bus, tog, færge o.l." #spiir
  spiir-id: "638836709433402802"
  Assets:Checking:Primary  -22.00 DKK
  Expenses:Transport:Public  22.00 DKK

2025-05-23 * "tipster.dk 5-2-3" "Bar, cafe & restaurant" #spiir
  spiir-id: "638836709898136909"
  Assets:Checking:Dagligvarer  -200.00 DKK
  Expenses:Food:Restaurant  200.00 DKK

2025-05-23 * "tipster.dk 0-2-2" "Bar, cafe & restaurant" #spiir
  spiir-id: "638836709898238745"
  Assets:Checking:Dagligvarer  -200.00 DKK
  Expenses:Food:Restaurant  200.00 DKK

2025-05-24 * "Fjernvarme" "El, vand, varme & renovation" #spiir
  spiir-id: "638837572165021420"
  Assets:Checking:Primary  24297.00 DKK
  Expenses:House:Heating  -24297.00 DKK

2025-05-26 * "Zacho-Lind A/S" "" #spiir
  spiir-id: "638838439535427872"
  Assets:Checking:Primary  -48593.75 DKK
  Expenses:Uncategorized  48593.75 DKK

2025-05-26 * "Freetrailer Copenhagen" "" #spiir
  spiir-id: "638838439535501042"
  Assets:Checking:Primary  -84.00 DKK
  Expenses:Uncategorized  84.00 DKK

2025-05-26 * "R-Bakery v/Rene Oste" "Kiosk, bager & specialbutikker" #spiir
  spiir-id: "638838439793708981"
  Assets:Checking:Fixed  -67.00 DKK
  Expenses:Food:Kiosk  67.00 DKK

2025-05-26 * "Brød" "Kiosk, bager & specialbutikker" #spiir
  spiir-id: "638838440012628158"
  Assets:Checking:Dagligvarer  -50.00 DKK
  Expenses:Food:Kiosk  50.00 DKK

2025-05-26 * "365discount Hvidov" "Dagligvarer" #spiir
  spiir-id: "638838440012742191"
  Assets:Checking:Dagligvarer  -199.15 DKK
  Expenses:Food:Groceries  199.15 DKK

2025-05-26 * "Netto Hvidovrevej" "Dagligvarer" #spiir
  spiir-id: "638838440012815903"
  Assets:Checking:Dagligvarer  -325.45 DKK
  Expenses:Food:Groceries  325.45 DKK

2025-05-27 * "AMZN Mktp DE" "Andet privatforbrug" #spiir
  spiir-id: "638839312612240579"
  Assets:Checking:Primary  474.50 DKK
  Expenses:Shopping:Other  -474.50 DKK

2025-05-27 * "KAFFESLABBERASEN Koebenhavn v" "Bar, cafe & restaurant" #spiir
  spiir-id: "638839313258810897"
  Assets:Checking:Dagligvarer  -169.00 DKK
  Expenses:Food:Restaurant  169.00 DKK

2025-05-27 * "R-Bakery V/Rene Osterg Hvidovre" "Kiosk, bager & specialbutikker" #spiir
  spiir-id: "638839313258911323"
  Assets:Checking:Dagligvarer  -57.00 DKK
  Expenses:Food:Kiosk  57.00 DKK

2025-05-27 * "Mazebriteco" "Online services & software" #spiir
  spiir-id: "638839313259007986"
  Assets:Checking:Dagligvarer  -6.82 DKK
  Expenses:Subscriptions:Software  6.82 DKK

2025-05-28 * "Qure Fysioterapi Koebenhavn V" "Behandling & læger" #spiir
  spiir-id: "638840164522472082"
  Assets:Checking:Primary  -390.00 DKK
  Expenses:Health:Doctor  390.00 DKK

2025-05-28 * "Huslån - PRM" "Kontooverførsel" #spiir
  spiir-id: "638840164522574233"
  Assets:Checking:Primary  -7298.00 DKK
  Assets:Transfer  7298.00 DKK

2025-05-28 * "Nedbetaling huslån - PRM" "Kontooverførsel" #spiir
  spiir-id: "638840164522645489"
  Assets:Checking:Primary  -7298.00 DKK
  Assets:Transfer  7298.00 DKK

2025-05-28 * "Huslån - LAH" "Kontooverførsel" #spiir
  spiir-id: "638840164828935674"
  Assets:Checking:Fixed  7298.00 DKK
  Assets:Transfer  -7298.00 DKK

2025-05-28 * "Huslån - PRM" "Kontooverførsel" #spiir
  spiir-id: "638840164829009448"
  Assets:Checking:Fixed  7298.00 DKK
  Assets:Transfer  -7298.00 DKK

2025-05-28 * "Realkredit Danmark" "Boliglån/husleje" #spiir
  spiir-id: "638840164829944500"
  Assets:Checking:Fixed  -14585.60 DKK
  Expenses:House:Mortgage  14585.60 DKK

2025-06-01 * "Lønoverførsel" "Løn" #spiir
  spiir-id: "638840164522716278"
  Assets:Checking:Primary  50093.02 DKK
  Income:Salary  -50093.02 DKK

2025-06-02 * "iCloud Fastefæll.udgifte" "Kontooverførsel" #spiir
  spiir-id: "638844452878523900"
  Assets:Checking:Primary  69.00 DKK
  Assets:Transfer  -69.00 DKK

2025-06-02 * "Spotify" "Kontooverførsel" #spiir
  spiir-id: "638844452878600162"
  Assets:Checking:Primary  -97.00 DKK
  Assets:Transfer  97.00 DKK

2025-06-02 * "Renovation - PRM" "Kontooverførsel" #spiir
  spiir-id: "638844452878670282"
  Assets:Checking:Primary  -171.00 DKK
  Assets:Transfer  171.00 DKK

2025-06-02 * "Sundhedsforsikring - PRM" "Kontooverførsel" #spiir
  spiir-id: "638844452878740812"
  Assets:Checking:Primary  -191.00 DKK
  Assets:Transfer  191.00 DKK

2025-06-02 * "Bilforsikr, afgift - PRM" "Kontooverførsel" #spiir
  spiir-id: "638844452878808457"
  Assets:Checking:Primary  -300.00 DKK
  Assets:Transfer  300.00 DKK

2025-06-02 * "Hus, indboforsikr - PRM" "Kontooverførsel" #spiir
  spiir-id: "638844452878877431"
  Assets:Checking:Primary  -387.00 DKK
  Assets:Transfer  387.00 DKK

2025-06-02 * "El, vand og varme - PRM" "Kontooverførsel" #spiir
  spiir-id: "638844452879554098"
  Assets:Checking:Primary  -1084.00 DKK
  Assets:Transfer  1084.00 DKK

2025-06-02 * "Vuggestue - PRM" "Kontooverførsel" #spiir
  spiir-id: "638844452879622852"
  Assets:Checking:Primary  -3068.00 DKK
  Assets:Transfer  3068.00 DKK

2025-06-02 * "Dagligvarer - PRM" "Kontooverførsel" #spiir
  spiir-id: "638844452879691932"
  Assets:Checking:Primary  -4500.00 DKK
  Assets:Transfer  4500.00 DKK

2025-06-02 * "hiper.dk" "Telefoni & internet" #spiir
  spiir-id: "638844452879759249"
  Assets:Checking:Primary  -339.00 DKK
  Expenses:Subscriptions:Telecom  339.00 DKK

2025-06-02 * "3 Danmark Koebenhavn SV" "Telefoni & internet" #spiir
  spiir-id: "638844452879848529"
  Assets:Checking:Primary  -160.00 DKK
  Expenses:Subscriptions:Telecom  160.00 DKK

2025-06-02 * "iCloud" "Kontooverførsel" #spiir
  spiir-id: "638844453239893666"
  Assets:Checking:Fixed  -69.00 DKK
  Assets:Transfer  69.00 DKK

2025-06-02 * "Renovation - LAH" "Kontooverførsel" #spiir
  spiir-id: "638844453239963265"
  Assets:Checking:Fixed  171.00 DKK
  Assets:Transfer  -171.00 DKK

2025-06-02 * "Sundhedsforsikring - LAH" "Kontooverførsel" #spiir
  spiir-id: "638844453240025356"
  Assets:Checking:Fixed  191.00 DKK
  Assets:Transfer  -191.00 DKK

2025-06-02 * "Bilforsikr, afgift - LAH" "Kontooverførsel" #spiir
  spiir-id: "638844453240086021"
  Assets:Checking:Fixed  300.00 DKK
  Assets:Transfer  -300.00 DKK

2025-06-02 * "Hus, indboforsikr - LAH" "Kontooverførsel" #spiir
  spiir-id: "638844453240149503"
  Assets:Checking:Fixed  387.00 DKK
  Assets:Transfer  -387.00 DKK

2025-06-02 * "El, vand og varme - LAH" "Kontooverførsel" #spiir
  spiir-id: "638844453240211131"
  Assets:Checking:Fixed  1084.00 DKK
  Assets:Transfer  -1084.00 DKK

2025-06-02 * "Vuggestue - LAH" "Kontooverførsel" #spiir
  spiir-id: "638844453240268228"
  Assets:Checking:Fixed  3068.00 DKK
  Assets:Transfer  -3068.00 DKK

2025-06-02 * "Spotify" "Kontooverførsel" #spiir
  spiir-id: "638844453240329861"
  Assets:Checking:Fixed  97.00 DKK
  Assets:Transfer  -97.00 DKK

2025-06-02 * "Renovation - PRM" "" #spiir
  spiir-id: "638844453240388683"
  Assets:Checking:Fixed  171.00 DKK
  Expenses:Uncategorized  -171.00 DKK

2025-06-02 * "Sundhedsforsikring - PRM" "" #spiir
  spiir-id: "638844453240453771"
  Assets:Checking:Fixed  191.00 DKK
  Expenses:Uncategorized  -191.00 DKK

2025-06-02 * "Bilforsikr, afgift - PRM" "Bilforsikring & autohjælp" #spiir
  spiir-id: "638844453240513951"
  Assets:Checking:Fixed  300.00 DKK
  Expenses:Car:Insurance  -300.00 DKK

2025-06-02 * "Hus, indboforsikr - PRM" "Husforsikring" #spiir
  spiir-id: "638844453240578479"
  Assets:Checking:Fixed  387.00 DKK
  Expenses:House:Insurance  -387.00 DKK

2025-06-02 * "El, vand og varme - PRM" "El, vand, varme & renovation" #spiir
  spiir-id: "638844453240639585"
  Assets:Checking:Fixed  1084.00 DKK
  Expenses:House:Heating  -1084.00 DKK

2025-06-02 * "Vuggestue - PRM" "Institution" #spiir
  spiir-id: "638844453240697048"
  Assets:Checking:Fixed  3068.00 DKK
  Expenses:Kids:Institution  -3068.00 DKK

2025-06-02 * "Hvidovre kommune" "Institution" #spiir
  spiir-id: "638844453241852552"
  Assets:Checking:Fixed  -4511.00 DKK
  Expenses:Kids:Institution  4511.00 DKK

2025-06-02 * "Tryg" "Indbo- & familieforsikring" #spiir
  spiir-id: "638844453241921535"
  Assets:Checking:Fixed  -93.25 DKK
  Expenses:House:Contents-Insurance  93.25 DKK

2025-06-02 * "Hvidovre kommune" "Institution" #spiir
  spiir-id: "638844453241993749"
  Assets:Checking:Fixed  -1625.00 DKK
  Expenses:Kids:Institution  1625.00 DKK

2025-06-02 * "Fællesudgifter" "Kontooverførsel" #spiir
  spiir-id: "638844453564815222"
  Assets:Checking:Dagligvarer  4500.00 DKK
  Assets:Transfer  -4500.00 DKK

2025-06-02 * "Dagligvarer - PRM" "Dagligvarer" #spiir
  spiir-id: "638844453564889251"
  Assets:Checking:Dagligvarer  4500.00 DKK
  Expenses:Food:Groceries  -4500.00 DKK

2025-06-02 * "Killerkebab Copennhagen" "Fastfood & takeaway" #spiir
  spiir-id: "638844453564964537"
  Assets:Checking:Dagligvarer  -59.00 DKK
  Expenses:Food:Takeaway  59.00 DKK

2025-06-02 * "Spotify" "Film, musik & læsestof" #spiir
  spiir-id: "638845326439766157"
  Assets:Checking:Fixed  97.00 DKK
  Expenses:Entertainment:Media  -97.00 DKK

2025-06-02 * "Kvickly Hvidovre" "Dagligvarer" #spiir
  spiir-id: "638845326857357662"
  Assets:Checking:Dagligvarer  -380.00 DKK
  Expenses:Food:Groceries  380.00 DKK

2025-06-03 * "CB Mode Kiel" "Tøj, sko & accessories" #spiir
  spiir-id: "638845325980839805"
  Assets:Checking:Primary  -749.37 DKK
  Expenses:Shopping:Clothing  749.37 DKK

2025-06-03 * "SlowDown Hotels GmbH Luebeck" "" #spiir
  spiir-id: "638845325980957754"
  Assets:Checking:Primary  -257.15 DKK
  Expenses:Uncategorized  257.15 DKK

2025-06-03 * "Arca ApS Copenhagen N" "Sport & fritid" #spiir
  spiir-id: "638845325981067522"
  Assets:Checking:Primary  -529.00 DKK
  Expenses:Entertainment:Sports  529.00 DKK

2025-06-03 * "Citti Park Apotheke Rudel Kiel" "" #spiir
  spiir-id: "638845326854074504"
  Assets:Checking:Dagligvarer  -72.87 DKK
  Expenses:Uncategorized  72.87 DKK

2025-06-03 * "Citti Maerkte Gmbh & C Kiel" "" #spiir
  spiir-id: "638845326854194247"
  Assets:Checking:Dagligvarer  -732.65 DKK
  Expenses:Uncategorized  732.65 DKK

2025-06-03 * "Asia Snack Fu Loi Kiel" "Fastfood & takeaway" #spiir
  spiir-id: "638845326854307400"
  Assets:Checking:Dagligvarer  -198.68 DKK
  Expenses:Food:Takeaway  198.68 DKK

2025-06-03 * "Jannys Eis Mar Heiligenha" "" #spiir
  spiir-id: "638845326854422453"
  Assets:Checking:Dagligvarer  -71.22 DKK
  Expenses:Uncategorized  71.22 DKK

2025-06-03 * "Fischereibetrieb Ronna Stein" "" #spiir
  spiir-id: "638845326854528672"
  Assets:Checking:Dagligvarer  -194.18 DKK
  Expenses:Uncategorized  194.18 DKK

2025-06-03 * "DEICHMANN Kiel 1157 Kiel" "Tøj, sko & accessories" #spiir
  spiir-id: "638845326855380528"
  Assets:Checking:Dagligvarer  -367.75 DKK
  Expenses:Shopping:Clothing  367.75 DKK

2025-06-03 * "Rossmann 1712 Kiel" "Apotek & medicin" #spiir
  spiir-id: "638845326855485085"
  Assets:Checking:Dagligvarer  -279.06 DKK
  Expenses:Health:Pharmacy  279.06 DKK

2025-06-03 * "Aldi Nord Kiel" "Dagligvarer" #spiir
  spiir-id: "638845326855591868"
  Assets:Checking:Dagligvarer  -177.61 DKK
  Expenses:Food:Groceries  177.61 DKK

2025-06-03 * "Schleswig-Holstein Onboar Fehmarn" "Bus, tog, færge o.l." #spiir
  spiir-id: "638845326855695687"
  Assets:Checking:Dagligvarer  -65.00 DKK
  Expenses:Transport:Public  65.00 DKK

2025-06-03 * "Schleswig-Holstein Onboar Fehmarn" "Bus, tog, færge o.l." #spiir
  spiir-id: "638845326855805130"
  Assets:Checking:Dagligvarer  -15.95 DKK
  Expenses:Transport:Public  15.95 DKK

2025-06-03 * "Giant Benelux B.V. Lelystad" "" #spiir
  spiir-id: "638845326855911483"
  Assets:Checking:Dagligvarer  -39.50 DKK
  Expenses:Uncategorized  39.50 DKK

2025-06-03 * "Mcdmaribo Maribo" "" #spiir
  spiir-id: "638845326856162216"
  Assets:Checking:Dagligvarer  -181.00 DKK
  Expenses:Uncategorized  181.00 DKK

2025-06-03 * "Schleswig-Holstein Onboar Fehmarn" "Bus, tog, færge o.l." #spiir
  spiir-id: "638845326856269400"
  Assets:Checking:Dagligvarer  -39.90 DKK
  Expenses:Transport:Public  39.90 DKK

2025-06-03 * "Famila-Handelsmarkt Ne Luetjenbur" "" #spiir
  spiir-id: "638845326856374746"
  Assets:Checking:Dagligvarer  -647.22 DKK
  Expenses:Uncategorized  647.22 DKK

2025-06-03 * "SlowDown Hotels GmbH Co Luebeck" "" #spiir
  spiir-id: "638845326856488370"
  Assets:Checking:Dagligvarer  -21.75 DKK
  Expenses:Uncategorized  21.75 DKK

2025-06-03 * "Lidl sagt Danke Luetjenburg" "Dagligvarer" #spiir
  spiir-id: "638845326856593025"
  Assets:Checking:Dagligvarer  -64.78 DKK
  Expenses:Food:Groceries  64.78 DKK

2025-06-03 * "Gemeinde Laboe Schonberg" "" #spiir
  spiir-id: "638845326856705613"
  Assets:Checking:Dagligvarer  -29.99 DKK
  Expenses:Uncategorized  29.99 DKK

2025-06-03 * "Deutschland Onboard Fehmarn" "Bus, tog, færge o.l." #spiir
  spiir-id: "638845326857025615"
  Assets:Checking:Dagligvarer  -64.00 DKK
  Expenses:Transport:Public  64.00 DKK

2025-06-03 * "Parkman" "Parkering" #spiir
  spiir-id: "638845326857134259"
  Assets:Checking:Dagligvarer  -5.91 DKK
  Expenses:Car:Parking  5.91 DKK

2025-06-03 * "W.Alpen Lebensmittelve Wendtorf" "" #spiir
  spiir-id: "638845326857245788"
  Assets:Checking:Dagligvarer  -64.48 DKK
  Expenses:Uncategorized  64.48 DKK

2025-06-03 * "tipster.dk 0-1-6" "" #spiir
  spiir-id: "638846220340441892"
  Assets:Checking:Dagligvarer  -95.00 DKK
  Expenses:Uncategorized  95.00 DKK

2025-06-04 * "Fjernvarme" "El, vand, varme & renovation" #spiir
  spiir-id: "638846219951616573"
  Assets:Checking:Fixed  -1630.00 DKK
  Expenses:House:Heating  1630.00 DKK

2025-06-04 * "R-Bakery V/Rene Osterg Hvidovre" "Kiosk, bager & specialbutikker" #spiir
  spiir-id: "638846220340219824"
  Assets:Checking:Dagligvarer  -66.00 DKK
  Expenses:Food:Kiosk  66.00 DKK

2025-06-04 * "Aral Tankstelle 13068700 Grossen" "Brændstof" #spiir
  spiir-id: "638846220340339160"
  Assets:Checking:Dagligvarer  -524.13 DKK
  Expenses:Car:Gas  524.13 DKK

2025-06-05 * "Aurora" "Frisør & personlig pleje" #spiir
  spiir-id: "638847961727017067"
  Assets:Checking:Dagligvarer  100.00 DKK
  Expenses:Shopping:Personal-Care  -100.00 DKK

2025-06-06 * "Gasoline HDM" "Bar, cafe & restaurant" #spiir
  spiir-id: "638847961726661370"
  Assets:Checking:Dagligvarer  -170.00 DKK
  Expenses:Food:Restaurant  170.00 DKK

2025-06-06 * "Netto Troejborggad" "Dagligvarer" #spiir
  spiir-id: "638847961726774281"
  Assets:Checking:Dagligvarer  -79.95 DKK
  Expenses:Food:Groceries  79.95 DKK

2025-06-06 * "KBH-Svøm Valby Van" "Sport & fritid" #spiir
  spiir-id: "638847961726844154"
  Assets:Checking:Dagligvarer  -70.00 DKK
  Expenses:Entertainment:Sports  70.00 DKK

2025-06-09 * "MobilePay EASY PARK A/S" "Parkering" #spiir
  spiir-id: "638850505277839243"
  Assets:Checking:Dagligvarer  -31.05 DKK
  Expenses:Car:Parking  31.05 DKK

2025-06-10 * "Al Bike ApS" "Anden transport" #spiir
  spiir-id: "638851359876855631"
  Assets:Checking:Primary  -319.00 DKK
  Expenses:Transport:Other  319.00 DKK

2025-06-10 * "Netto Gl. Køge Lan" "Dagligvarer" #spiir
  spiir-id: "638851360505836322"
  Assets:Checking:Dagligvarer  -133.85 DKK
  Expenses:Food:Groceries  133.85 DKK

2025-06-10 * "Dsb App" "Bus, tog, færge o.l." #spiir
  spiir-id: "638851360505910974"
  Assets:Checking:Dagligvarer  -38.00 DKK
  Expenses:Transport:Public  38.00 DKK

2025-06-10 * "Dsb App" "Bus, tog, færge o.l." #spiir
  spiir-id: "638851360506003536"
  Assets:Checking:Dagligvarer  -38.00 DKK
  Expenses:Transport:Public  38.00 DKK

2025-06-10 * "Q-Park Waterfront" "Parkering" #spiir
  spiir-id: "638851360508280894"
  Assets:Checking:Dagligvarer  -90.00 DKK
  Expenses:Car:Parking  90.00 DKK

2025-06-10 * "Dagli Brugsen" "Dagligvarer" #spiir
  spiir-id: "638851360508372641"
  Assets:Checking:Dagligvarer  -48.00 DKK
  Expenses:Food:Groceries  48.00 DKK

2025-06-10 * "Netto Hvidovrevej" "Dagligvarer" #spiir
  spiir-id: "638851360508465212"
  Assets:Checking:Dagligvarer  -270.25 DKK
  Expenses:Food:Groceries  270.25 DKK

2025-06-10 * "R-Bakery V/Rene Osterg Hvidovre" "Kiosk, bager & specialbutikker" #spiir
  spiir-id: "638851360508555978"
  Assets:Checking:Dagligvarer  -149.00 DKK
  Expenses:Food:Kiosk  149.00 DKK

2025-06-10 * "Www.Bodyworld.Eu Bratislava" "" #spiir
  spiir-id: "638851360508647624"
  Assets:Checking:Dagligvarer  -1208.98 DKK
  Expenses:Uncategorized  1208.98 DKK

2025-06-10 * "Prolog Coffee Frederiksberg" "Bar, cafe & restaurant" #spiir
  spiir-id: "638851360508738348"
  Assets:Checking:Dagligvarer  -45.00 DKK
  Expenses:Food:Restaurant  45.00 DKK

2025-06-10 * "REMA 1000 Vanløse" "Dagligvarer" #spiir
  spiir-id: "638851360508830303"
  Assets:Checking:Dagligvarer  -370.85 DKK
  Expenses:Food:Groceries  370.85 DKK

2025-06-10 * "Dsb App" "Bus, tog, færge o.l." #spiir
  spiir-id: "638852211791168525"
  Assets:Checking:Primary  -22.00 DKK
  Expenses:Transport:Public  22.00 DKK

2025-06-10 * "Dsb App" "Bus, tog, færge o.l." #spiir
  spiir-id: "638852211791278537"
  Assets:Checking:Primary  -42.00 DKK
  Expenses:Transport:Public  42.00 DKK

2025-06-10 * "tipster.dk 5-1-3" "" #spiir
  spiir-id: "638852212289470134"
  Assets:Checking:Dagligvarer  -235.00 DKK
  Expenses:Uncategorized  235.00 DKK

2025-06-10 * "tipster.dk 3-2-7" "" #spiir
  spiir-id: "638852212289566167"
  Assets:Checking:Dagligvarer  -470.00 DKK
  Expenses:Uncategorized  470.00 DKK

2025-06-10 * "tipster.dk 1-1-9" "" #spiir
  spiir-id: "638852212289667471"
  Assets:Checking:Dagligvarer  -235.00 DKK
  Expenses:Uncategorized  235.00 DKK

2025-06-10 * "7-Eleven B052" "Kiosk, bager & specialbutikker" #spiir
  spiir-id: "638852212289763571"
  Assets:Checking:Dagligvarer  -35.00 DKK
  Expenses:Food:Kiosk  35.00 DKK

2025-06-11 * "Bodyworld protein" "Kontooverførsel" #spiir
  spiir-id: "638852211791088678"
  Assets:Checking:Primary  -1208.00 DKK
  Assets:Transfer  1208.00 DKK

2025-06-11 * "Bodyworld protein" "Kontooverførsel" #spiir
  spiir-id: "638852212288592002"
  Assets:Checking:Dagligvarer  1208.00 DKK
  Assets:Transfer  -1208.00 DKK

2025-06-11 * "R-Bakery V/Rene Osterg Hvidovre" "Kiosk, bager & specialbutikker" #spiir
  spiir-id: "638852212288681940"
  Assets:Checking:Dagligvarer  -94.00 DKK
  Expenses:Food:Kiosk  94.00 DKK

2025-06-11 * "R-Bakery V/Rene Osterg Hvidovre" "Kiosk, bager & specialbutikker" #spiir
  spiir-id: "638852212288784938"
  Assets:Checking:Dagligvarer  -26.00 DKK
  Expenses:Food:Kiosk  26.00 DKK

2025-06-11 * "Cookbook Mount Coolum" "Online services & software" #spiir
  spiir-id: "638852212288889469"
  Assets:Checking:Dagligvarer  -37.42 DKK
  Expenses:Subscriptions:Software  37.42 DKK

2025-06-11 * "Koebenhavns Bageri ApS Koebenhavn" "Kiosk, bager & specialbutikker" #spiir
  spiir-id: "638852212288984779"
  Assets:Checking:Dagligvarer  -42.00 DKK
  Expenses:Food:Kiosk  42.00 DKK

2025-06-11 * "Koebenhavns Bageri ApS Koebenhavn" "Kiosk, bager & specialbutikker" #spiir
  spiir-id: "638852212289083074"
  Assets:Checking:Dagligvarer  -201.00 DKK
  Expenses:Food:Kiosk  201.00 DKK

2025-06-11 * "R-Bakery V/Rene Osterg Hvidovre" "Kiosk, bager & specialbutikker" #spiir
  spiir-id: "638852212289371407"
  Assets:Checking:Dagligvarer  -124.00 DKK
  Expenses:Food:Kiosk  124.00 DKK

2025-06-11 * "Eventyrsport A/S" "Tøj, sko & accessories" #spiir
  spiir-id: "638853070251450144"
  Assets:Checking:Primary  -1998.00 DKK
  Expenses:Shopping:Clothing  1998.00 DKK

2025-06-11 * "Coop365 Valby Lang" "Dagligvarer" #spiir
  spiir-id: "638853070552126401"
  Assets:Checking:Dagligvarer  -24.00 DKK
  Expenses:Food:Groceries  24.00 DKK

2025-06-11 * "Coop365 Valby Lang" "Dagligvarer" #spiir
  spiir-id: "638853070552207728"
  Assets:Checking:Dagligvarer  -231.90 DKK
  Expenses:Food:Groceries  231.90 DKK

2025-06-11 * "Coop365 Valby Lang" "Dagligvarer" #spiir
  spiir-id: "638853070552288366"
  Assets:Checking:Dagligvarer  79.90 DKK
  Expenses:Food:Groceries  -79.90 DKK

2025-06-12 * "Normal Vesterbroga" "Dagligvarer" #spiir
  spiir-id: "638853070552041414"
  Assets:Checking:Dagligvarer  -60.00 DKK
  Expenses:Food:Groceries  60.00 DKK

2025-06-12 * "MobilePay Mødrehjælpen Hvidovre Rød" "Gaver & velgørenhed" #spiir
  spiir-id: "638853942960347172"
  Assets:Checking:Dagligvarer  -15.00 DKK
  Expenses:Gifts  15.00 DKK

2025-06-12 * "MobilePay Fablab/Værkstedshallerne" "" #spiir
  spiir-id: "638853942960427101"
  Assets:Checking:Dagligvarer  -35.00 DKK
  Expenses:Uncategorized  35.00 DKK

2025-06-13 * "Udl. kortbetaling, 1.50% af DKK -98" "Bankgebyrer" #spiir
  spiir-id: "638853942713966584"
  Assets:Checking:Primary  -1.47 DKK
  Expenses:Bank:Fees  1.47 DKK

2025-06-13 * "Audible*NH5U17DN0 Amzn.com/bill" "" #spiir
  spiir-id: "638853942714047928"
  Assets:Checking:Primary  -98.08 DKK
  Expenses:Uncategorized  98.08 DKK

2025-06-13 * "Disney Plus 800-022-1476" "TV & streaming" #spiir
  spiir-id: "638853942959560962"
  Assets:Checking:Dagligvarer  -49.00 DKK
  Expenses:Subscriptions:Streaming  49.00 DKK

2025-06-13 * "Sp Hype Aalborg Centr" "" #spiir
  spiir-id: "638853942959820973"
  Assets:Checking:Dagligvarer  -83.00 DKK
  Expenses:Uncategorized  83.00 DKK

2025-06-13 * "MobilePay EASY PARK A/S" "Parkering" #spiir
  spiir-id: "638853942959930086"
  Assets:Checking:Dagligvarer  -75.90 DKK
  Expenses:Car:Parking  75.90 DKK

2025-06-13 * "Bauhaus Valby" "Ombygning & vedligehold" #spiir
  spiir-id: "638853942960010098"
  Assets:Checking:Dagligvarer  -234.65 DKK
  Expenses:House:Renovation  234.65 DKK

2025-06-13 * "føtex Hvidovrevej" "Dagligvarer" #spiir
  spiir-id: "638853942960123063"
  Assets:Checking:Dagligvarer  -334.75 DKK
  Expenses:Food:Groceries  334.75 DKK

2025-06-13 * "Bauhaus Valby" "Ombygning & vedligehold" #spiir
  spiir-id: "638853942960235752"
  Assets:Checking:Dagligvarer  219.85 DKK
  Expenses:House:Renovation  -219.85 DKK

2025-06-13 * "Hype deal pie" "" #spiir
  spiir-id: "638854825589601188"
  Assets:Checking:Dagligvarer  83.00 DKK
  Expenses:Uncategorized  -83.00 DKK

2025-06-13 * "MobilePay DSB APP" "Bus, tog, færge o.l." #spiir
  spiir-id: "638854825589676180"
  Assets:Checking:Dagligvarer  -318.00 DKK
  Expenses:Transport:Public  318.00 DKK

2025-06-13 * "tipster.dk 9-2-5" "" #spiir
  spiir-id: "638854825589756029"
  Assets:Checking:Dagligvarer  -250.00 DKK
  Expenses:Uncategorized  250.00 DKK

2025-06-14 * "MobilePay Lee Ann Hollesen Basse" "" #spiir
  spiir-id: "638855674605657884"
  Assets:Checking:Primary  1708.00 DKK
  Expenses:Uncategorized  -1708.00 DKK

2025-06-14 * "MobilePay Regitze Søe Bruun Bendsen" "" #spiir
  spiir-id: "638855674605736102"
  Assets:Checking:Primary  593.59 DKK
  Expenses:Uncategorized  -593.59 DKK

2025-06-14 * "MobilePay Regitze Søe Bruun Bendsen" "" #spiir
  spiir-id: "638855674605810350"
  Assets:Checking:Primary  -593.59 DKK
  Expenses:Uncategorized  593.59 DKK

2025-06-14 * "MobilePay Martin Rasmus Grønlund Co" "" #spiir
  spiir-id: "638855674605890303"
  Assets:Checking:Primary  -2822.21 DKK
  Expenses:Uncategorized  2822.21 DKK

2025-06-16 * "Udl. kortbetaling, 1.50% af DKK -22" "Bankgebyrer" #spiir
  spiir-id: "638856581593989273"
  Assets:Checking:Primary  -3.43 DKK
  Expenses:Bank:Fees  3.43 DKK

2025-06-16 * "Rpstrength Rpstrength.Co" "" #spiir
  spiir-id: "638856581594087808"
  Assets:Checking:Primary  -228.88 DKK
  Expenses:Uncategorized  228.88 DKK

2025-06-16 * "Fra Lee Ann Hollesen" "Dagligvarer" #spiir
  spiir-id: "638856581889564035"
  Assets:Checking:Dagligvarer  2000.00 DKK
  Expenses:Food:Groceries  -2000.00 DKK

2025-06-16 * "Hanzo" "Bar, cafe & restaurant" #spiir
  spiir-id: "638856581889656900"
  Assets:Checking:Dagligvarer  -215.00 DKK
  Expenses:Food:Restaurant  215.00 DKK

2025-06-16 * "Kvickly Hvidovre" "Dagligvarer" #spiir
  spiir-id: "638856581889779467"
  Assets:Checking:Dagligvarer  -5.00 DKK
  Expenses:Food:Groceries  5.00 DKK

2025-06-16 * "Kvickly Hvidovre" "Dagligvarer" #spiir
  spiir-id: "638856581889895727"
  Assets:Checking:Dagligvarer  -636.20 DKK
  Expenses:Food:Groceries  636.20 DKK

2025-06-16 * "Restaurant China V" "Bar, cafe & restaurant" #spiir
  spiir-id: "638856581890003575"
  Assets:Checking:Dagligvarer  -387.00 DKK
  Expenses:Food:Restaurant  387.00 DKK

2025-06-16 * "Netto Gl. Køge Lan" "Dagligvarer" #spiir
  spiir-id: "638856581890154404"
  Assets:Checking:Dagligvarer  -15.00 DKK
  Expenses:Food:Groceries  15.00 DKK

2025-06-16 * "Coop365Hvidovre" "Dagligvarer" #spiir
  spiir-id: "638856581890230214"
  Assets:Checking:Dagligvarer  -92.95 DKK
  Expenses:Food:Groceries  92.95 DKK

2025-06-16 * "Organic Market Hvidovr Hvidovre" "" #spiir
  spiir-id: "638856581890330189"
  Assets:Checking:Dagligvarer  -13.00 DKK
  Expenses:Uncategorized  13.00 DKK

2025-06-16 * "Google Nest G.Co/Helppayæ" "Alarmsystem" #spiir
  spiir-id: "638856581890443486"
  Assets:Checking:Dagligvarer  -40.00 DKK
  Expenses:House:Alarm  40.00 DKK

2025-06-16 * "Netto Rådhuspladse" "Dagligvarer" #spiir
  spiir-id: "638856581890557166"
  Assets:Checking:Dagligvarer  -8.00 DKK
  Expenses:Food:Groceries  8.00 DKK

2025-06-16 * "Kft Jylland-KBH" "Dagligvarer" #spiir
  spiir-id: "638857412888635921"
  Assets:Checking:Dagligvarer  -130.92 DKK
  Expenses:Food:Groceries  130.92 DKK

2025-06-17 * "R-Bakery V/Rene Osterg Hvidovre" "Kiosk, bager & specialbutikker" #spiir
  spiir-id: "638857412511148734"
  Assets:Checking:Primary  -155.00 DKK
  Expenses:Food:Kiosk  155.00 DKK

2025-06-17 * "R-Bakery V/Rene Osterg Hvidovre" "Kiosk, bager & specialbutikker" #spiir
  spiir-id: "638857412888463290"
  Assets:Checking:Dagligvarer  -105.00 DKK
  Expenses:Food:Kiosk  105.00 DKK

2025-06-17 * "AMZN Mktp DE" "Andet privatforbrug" #spiir
  spiir-id: "638857412888551378"
  Assets:Checking:Dagligvarer  -454.21 DKK
  Expenses:Shopping:Other  454.21 DKK

2025-06-17 * "Til Dagligvarer" "Kontooverførsel" #spiir
  spiir-id: "638858310827670623"
  Assets:Checking:Primary  -2000.00 DKK
  Assets:Transfer  2000.00 DKK

2025-06-17 * "Til Dagligvarer" "Kontooverførsel" #spiir
  spiir-id: "638858311193993471"
  Assets:Checking:Dagligvarer  2000.00 DKK
  Assets:Transfer  -2000.00 DKK

2025-06-18 * "AMZN Mktp DE" "Andet privatforbrug" #spiir
  spiir-id: "638858310827553583"
  Assets:Checking:Primary  -841.68 DKK
  Expenses:Shopping:Other  841.68 DKK

2025-06-19 * "Spotify" "Film, musik & læsestof" #spiir
  spiir-id: "638859151749277124"
  Assets:Checking:Dagligvarer  -149.00 DKK
  Expenses:Entertainment:Media  149.00 DKK

2025-06-19 * "tipster.dk 1-2-6" "" #spiir
  spiir-id: "638860001252387922"
  Assets:Checking:Primary  -250.00 DKK
  Expenses:Uncategorized  250.00 DKK

2025-06-19 * "MobilePay Wilja Blankholm Kellerup" "" #spiir
  spiir-id: "638860001586992765"
  Assets:Checking:Dagligvarer  -70.00 DKK
  Expenses:Uncategorized  70.00 DKK

2025-06-19 * "tipster.dk 5-2-8" "" #spiir
  spiir-id: "638860001587059930"
  Assets:Checking:Dagligvarer  -250.00 DKK
  Expenses:Uncategorized  250.00 DKK

2025-06-20 * "Apple.Com/Bill" "Online services & software" #spiir
  spiir-id: "638860001586803480"
  Assets:Checking:Dagligvarer  -89.00 DKK
  Expenses:Subscriptions:Software  89.00 DKK

2025-06-20 * "Drikkevare-Outlet V. A Kobenhavn" "Tobak & alkohol" #spiir
  spiir-id: "638860001586900621"
  Assets:Checking:Dagligvarer  -27.25 DKK
  Expenses:Food:Alcohol  27.25 DKK

2025-06-22 * "MobilePay Yi Gao" "" #spiir
  spiir-id: "638862581182467262"
  Assets:Checking:Primary  -120.00 DKK
  Expenses:Uncategorized  120.00 DKK

2025-06-22 * "MobilePay Xi'an xian" "" #spiir
  spiir-id: "638862581183806255"
  Assets:Checking:Primary  -45.00 DKK
  Expenses:Uncategorized  45.00 DKK

2025-06-22 * "MobilePay Xi'an xian" "" #spiir
  spiir-id: "638862581472852326"
  Assets:Checking:Dagligvarer  -50.00 DKK
  Expenses:Uncategorized  50.00 DKK

2025-06-22 * "MobilePay Jinrui Guo" "" #spiir
  spiir-id: "638862581472928645"
  Assets:Checking:Dagligvarer  -60.00 DKK
  Expenses:Uncategorized  60.00 DKK

2025-06-22 * "MobilePay Kim Sune Hansen" "" #spiir
  spiir-id: "638862581473003325"
  Assets:Checking:Dagligvarer  -48.00 DKK
  Expenses:Uncategorized  48.00 DKK

2025-06-22 * "MobilePay Shijuan Lu" "" #spiir
  spiir-id: "638862581473073960"
  Assets:Checking:Dagligvarer  -50.00 DKK
  Expenses:Uncategorized  50.00 DKK

2025-06-23 * "Burger King Valby" "Fastfood & takeaway" #spiir
  spiir-id: "638862581471443965"
  Assets:Checking:Dagligvarer  -30.00 DKK
  Expenses:Food:Takeaway  30.00 DKK

2025-06-23 * "Coop365Strandvejen" "Dagligvarer" #spiir
  spiir-id: "638862581471546227"
  Assets:Checking:Dagligvarer  -99.50 DKK
  Expenses:Food:Groceries  99.50 DKK

2025-06-23 * "Ikea" "Møbler & boligudstyr" #spiir
  spiir-id: "638862581472547418"
  Assets:Checking:Dagligvarer  -70.00 DKK
  Expenses:Shopping:Furniture  70.00 DKK

2025-06-23 * "Pilav boys Koebenhavn V" "" #spiir
  spiir-id: "638862581472647474"
  Assets:Checking:Dagligvarer  -49.00 DKK
  Expenses:Uncategorized  49.00 DKK

2025-06-23 * "Netto ScanNGo" "Dagligvarer" #spiir
  spiir-id: "638862581472750118"
  Assets:Checking:Dagligvarer  -169.90 DKK
  Expenses:Food:Groceries  169.90 DKK

2025-06-23 * "Kvickly Hvidovre" "Dagligvarer" #spiir
  spiir-id: "638863465385772125"
  Assets:Checking:Dagligvarer  -342.75 DKK
  Expenses:Food:Groceries  342.75 DKK

2025-06-23 * "Kvickly Hvidovre" "Dagligvarer" #spiir
  spiir-id: "638863465385843547"
  Assets:Checking:Dagligvarer  5.95 DKK
  Expenses:Food:Groceries  -5.95 DKK

2025-06-24 * "UME ASIAN SUPERMARKET Kobenhavn S" "Dagligvarer" #spiir
  spiir-id: "638863465385264944"
  Assets:Checking:Dagligvarer  -46.00 DKK
  Expenses:Food:Groceries  46.00 DKK

2025-06-24 * "UME ASIAN SUPERMARKET Kobenhavn S" "Dagligvarer" #spiir
  spiir-id: "638863465385351149"
  Assets:Checking:Dagligvarer  -26.00 DKK
  Expenses:Food:Groceries  26.00 DKK

2025-06-24 * "UME ASIAN SUPERMARKET Kobenhavn S" "Dagligvarer" #spiir
  spiir-id: "638863465385545303"
  Assets:Checking:Dagligvarer  -25.00 DKK
  Expenses:Food:Groceries  25.00 DKK

2025-06-24 * "EasyPark A/S easypark.dk" "Parkering" #spiir
  spiir-id: "638863465385627048"
  Assets:Checking:Dagligvarer  -69.00 DKK
  Expenses:Car:Parking  69.00 DKK

2025-06-24 * "Flere Fugle Koebenhavn NV" "Bar, cafe & restaurant" #spiir
  spiir-id: "638863465385702966"
  Assets:Checking:Dagligvarer  -32.00 DKK
  Expenses:Food:Restaurant  32.00 DKK

2025-06-24 * "Dsb App" "Bus, tog, færge o.l." #spiir
  spiir-id: "638864343700315910"
  Assets:Checking:Primary  -22.00 DKK
  Expenses:Transport:Public  22.00 DKK

2025-06-24 * "Dsb App" "Bus, tog, færge o.l." #spiir
  spiir-id: "638864343700435324"
  Assets:Checking:Primary  -22.00 DKK
  Expenses:Transport:Public  22.00 DKK

2025-06-24 * "Uno-X 698 Kbh SV E" "Brændstof" #spiir
  spiir-id: "638864344019234917"
  Assets:Checking:Dagligvarer  -460.60 DKK
  Expenses:Car:Gas  460.60 DKK

2025-06-24 * "SILVAN 577 Valby" "Ombygning & vedligehold" #spiir
  spiir-id: "638864344019325282"
  Assets:Checking:Dagligvarer  -197.85 DKK
  Expenses:House:Renovation  197.85 DKK

2025-06-25 * "Freetrailer Copenhagen" "" #spiir
  spiir-id: "638864343699831745"
  Assets:Checking:Primary  -84.00 DKK
  Expenses:Uncategorized  84.00 DKK

2025-06-25 * "Ronja svømmeundervisning" "" #spiir
  spiir-id: "638864343862962255"
  Assets:Checking:Fixed  -925.00 DKK
  Expenses:Uncategorized  925.00 DKK

2025-06-25 * "Drikkevare-Outlet V. A Kobenhavn" "Tobak & alkohol" #spiir
  spiir-id: "638864344018428172"
  Assets:Checking:Dagligvarer  -12.00 DKK
  Expenses:Food:Alcohol  12.00 DKK

2025-06-25 * "AMZN Mktp DE" "Andet privatforbrug" #spiir
  spiir-id: "638864344018989189"
  Assets:Checking:Dagligvarer  -699.56 DKK
  Expenses:Shopping:Other  699.56 DKK

2025-06-25 * "365discount Hvidov" "Dagligvarer" #spiir
  spiir-id: "638865202107380071"
  Assets:Checking:Dagligvarer  -24.95 DKK
  Expenses:Food:Groceries  24.95 DKK

2025-06-25 * "Fra Lee Ann Hollesen" "Dagligvarer" #spiir
  spiir-id: "638865202107462225"
  Assets:Checking:Dagligvarer  1000.00 DKK
  Expenses:Food:Groceries  -1000.00 DKK

2025-06-26 * "Til Dagligvarer" "Kontooverførsel" #spiir
  spiir-id: "638866097801826838"
  Assets:Checking:Primary  -1000.00 DKK
  Assets:Transfer  1000.00 DKK

2025-06-26 * "MobilePay Ella Hollesen Schefe" "" #spiir
  spiir-id: "638866098236225748"
  Assets:Checking:Dagligvarer  -400.00 DKK
  Expenses:Uncategorized  400.00 DKK

2025-06-26 * "Til Dagligvarer" "Kontooverførsel" #spiir
  spiir-id: "638866098236298191"
  Assets:Checking:Dagligvarer  1000.00 DKK
  Assets:Transfer  -1000.00 DKK

2025-06-27 * "Dsb App" "Bus, tog, færge o.l." #spiir
  spiir-id: "638866097801723722"
  Assets:Checking:Primary  -17.60 DKK
  Expenses:Transport:Public  17.60 DKK

2025-06-27 * "Restaurant trio" "Bar, cafe & restaurant" #spiir
  spiir-id: "638866098236119427"
  Assets:Checking:Dagligvarer  -50.00 DKK
  Expenses:Food:Restaurant  50.00 DKK

2025-06-27 * "Dsb App" "Bus, tog, færge o.l." #spiir
  spiir-id: "638866961270126142"
  Assets:Checking:Primary  -22.00 DKK
  Expenses:Transport:Public  22.00 DKK

2025-06-27 * "SuperB Brostyk.vej" "Dagligvarer" #spiir
  spiir-id: "638866961564147215"
  Assets:Checking:Dagligvarer  -131.80 DKK
  Expenses:Food:Groceries  131.80 DKK

2025-06-29 * "Børnibyen" "" #spiir
  spiir-id: "638868695916244572"
  Assets:Checking:Dagligvarer  -49.00 DKK
  Expenses:Uncategorized  49.00 DKK

2025-06-29 * "MobilePay Simon Egebjerg Jensen" "" #spiir
  spiir-id: "638868695916316372"
  Assets:Checking:Dagligvarer  -215.00 DKK
  Expenses:Uncategorized  215.00 DKK

2025-06-30 * "Huslån - PRM" "Kontooverførsel" #spiir
  spiir-id: "638868695285069453"
  Assets:Checking:Primary  -7298.00 DKK
  Assets:Transfer  7298.00 DKK

2025-06-30 * "Nedbetaling huslån - PRM" "Kontooverførsel" #spiir
  spiir-id: "638868695285179850"
  Assets:Checking:Primary  -7298.00 DKK
  Assets:Transfer  7298.00 DKK

2025-06-30 * "Papa Ramen" "Bar, cafe & restaurant" #spiir
  spiir-id: "638868695285259677"
  Assets:Checking:Primary  -160.00 DKK
  Expenses:Food:Restaurant  160.00 DKK

2025-06-30 * "Sportyfit Dk Kolding" "" #spiir
  spiir-id: "638868695285371123"
  Assets:Checking:Primary  -1194.00 DKK
  Expenses:Uncategorized  1194.00 DKK

2025-06-30 * "Dsb App" "Bus, tog, færge o.l." #spiir
  spiir-id: "638868695285575077"
  Assets:Checking:Primary  -17.60 DKK
  Expenses:Transport:Public  17.60 DKK

2025-06-30 * "Huslån - LAH" "Kontooverførsel" #spiir
  spiir-id: "638868695652236775"
  Assets:Checking:Fixed  7298.00 DKK
  Assets:Transfer  -7298.00 DKK

2025-06-30 * "Huslån - PRM" "Kontooverførsel" #spiir
  spiir-id: "638868695652317655"
  Assets:Checking:Fixed  7298.00 DKK
  Assets:Transfer  -7298.00 DKK

2025-06-30 * "Realkredit Danmark" "Boliglån/husleje" #spiir
  spiir-id: "638868695652388417"
  Assets:Checking:Fixed  -14585.57 DKK
  Expenses:House:Mortgage  14585.57 DKK

2025-06-30 * "Fra Lee Ann Hollesen" "Kontooverførsel" #spiir
  spiir-id: "638868695914611596"
  Assets:Checking:Dagligvarer  1000.00 DKK
  Assets:Transfer  -1000.00 DKK

2025-06-30 * "Bauhaus Valby" "Ombygning & vedligehold" #spiir
  spiir-id: "638868695914693102"
  Assets:Checking:Dagligvarer  -79.95 DKK
  Expenses:House:Renovation  79.95 DKK

2025-06-30 * "Bauhaus Valby" "Ombygning & vedligehold" #spiir
  spiir-id: "638868695914800976"
  Assets:Checking:Dagligvarer  19.95 DKK
  Expenses:House:Renovation  -19.95 DKK

2025-06-30 * "SuperB Halmtorvet" "Dagligvarer" #spiir
  spiir-id: "638868695914903946"
  Assets:Checking:Dagligvarer  -477.91 DKK
  Expenses:Food:Groceries  477.91 DKK

2025-06-30 * "Ume Asian Supermar" "Dagligvarer" #spiir
  spiir-id: "638868695915001740"
  Assets:Checking:Dagligvarer  -162.80 DKK
  Expenses:Food:Groceries  162.80 DKK

2025-06-30 * "Ume Asian Supermar" "Dagligvarer" #spiir
  spiir-id: "638868695915076306"
  Assets:Checking:Dagligvarer  -109.70 DKK
  Expenses:Food:Groceries  109.70 DKK

2025-06-30 * "BrugsenBrobergsg" "Dagligvarer" #spiir
  spiir-id: "638868695915147999"
  Assets:Checking:Dagligvarer  -78.45 DKK
  Expenses:Food:Groceries  78.45 DKK

2025-06-30 * "Hvidovre Apotek" "Apotek & medicin" #spiir
  spiir-id: "638868695916046627"
  Assets:Checking:Dagligvarer  -547.40 DKK
  Expenses:Health:Pharmacy  547.40 DKK

2025-06-30 * "Netto Hvidovrevej" "Dagligvarer" #spiir
  spiir-id: "638868695916145469"
  Assets:Checking:Dagligvarer  -485.75 DKK
  Expenses:Food:Groceries  485.75 DKK

2025-06-30 * "Til Dagligvarer" "Kontooverførsel" #spiir
  spiir-id: "638869516926296752"
  Assets:Checking:Primary  -1000.00 DKK
  Assets:Transfer  1000.00 DKK

2025-06-30 * "Dsb App" "Bus, tog, færge o.l." #spiir
  spiir-id: "638869516926367020"
  Assets:Checking:Primary  -22.00 DKK
  Expenses:Transport:Public  22.00 DKK

2025-06-30 * "Roskilde Dom Apote" "Apotek & medicin" #spiir
  spiir-id: "638869517398574847"
  Assets:Checking:Dagligvarer  -31.45 DKK
  Expenses:Health:Pharmacy  31.45 DKK

2025-06-30 * "Til Dagligvarer" "Dagligvarer" #spiir
  spiir-id: "638869517398647509"
  Assets:Checking:Dagligvarer  1000.00 DKK
  Expenses:Food:Groceries  -1000.00 DKK

2025-07-01 * "Lønoverførsel" "Løn" #spiir
  spiir-id: "638868695285487681"
  Assets:Checking:Primary  45249.00 DKK
  Income:Salary  -45249.00 DKK

2025-07-01 * "3 Danmark Koebenhavn SV" "Telefoni & internet" #spiir
  spiir-id: "638869516923414514"
  Assets:Checking:Primary  -161.76 DKK
  Expenses:Subscriptions:Telecom  161.76 DKK

2025-07-01 * "Akademikernes A-Kasse" "Fagforening & a-kasse" #spiir
  spiir-id: "638869516923506116"
  Assets:Checking:Primary  -1497.00 DKK
  Expenses:Insurance:Union  1497.00 DKK

2025-07-01 * "Spotify" "Kontooverførsel" #spiir
  spiir-id: "638869516923566656"
  Assets:Checking:Primary  -97.00 DKK
  Assets:Transfer  97.00 DKK

2025-07-01 * "Renovation - PRM" "Kontooverførsel" #spiir
  spiir-id: "638869516923632428"
  Assets:Checking:Primary  -171.00 DKK
  Assets:Transfer  171.00 DKK

2025-07-01 * "Sundhedsforsikring - PRM" "Kontooverførsel" #spiir
  spiir-id: "638869516923702464"
  Assets:Checking:Primary  -191.00 DKK
  Assets:Transfer  191.00 DKK

2025-07-01 * "Bilforsikr, afgift - PRM" "Kontooverførsel" #spiir
  spiir-id: "638869516923773568"
  Assets:Checking:Primary  -300.00 DKK
  Assets:Transfer  300.00 DKK

2025-07-01 * "Hus, indboforsikr - PRM" "Kontooverførsel" #spiir
  spiir-id: "638869516923844282"
  Assets:Checking:Primary  -387.00 DKK
  Assets:Transfer  387.00 DKK

2025-07-01 * "El, vand og varme - PRM" "Kontooverførsel" #spiir
  spiir-id: "638869516923914767"
  Assets:Checking:Primary  -1084.00 DKK
  Assets:Transfer  1084.00 DKK

2025-07-01 * "Vuggestue - PRM" "Kontooverførsel" #spiir
  spiir-id: "638869516926080186"
  Assets:Checking:Primary  -3068.00 DKK
  Assets:Transfer  3068.00 DKK

2025-07-01 * "Dagligvarer - PRM" "Kontooverførsel" #spiir
  spiir-id: "638869516926153337"
  Assets:Checking:Primary  -4500.00 DKK
  Assets:Transfer  4500.00 DKK

2025-07-01 * "iCloud Fastefæll.udgifte" "Kontooverførsel" #spiir
  spiir-id: "638869516926223711"
  Assets:Checking:Primary  69.00 DKK
  Assets:Transfer  -69.00 DKK

2025-07-01 * "Nettopower ApS" "El, vand, varme & renovation" #spiir
  spiir-id: "638869517158295559"
  Assets:Checking:Fixed  -3747.95 DKK
  Expenses:House:Heating  3747.95 DKK

2025-07-01 * "Hvidovre kommune" "Institution" #spiir
  spiir-id: "638869517158478708"
  Assets:Checking:Fixed  -4511.00 DKK
  Expenses:Kids:Institution  4511.00 DKK

2025-07-01 * "Hvidovre kommune" "Institution" #spiir
  spiir-id: "638869517158547787"
  Assets:Checking:Fixed  -1625.00 DKK
  Expenses:Kids:Institution  1625.00 DKK

2025-07-01 * "Harrestrup Villakvarter" "" #spiir
  spiir-id: "638869517158618173"
  Assets:Checking:Fixed  -400.00 DKK
  Expenses:Uncategorized  400.00 DKK

2025-07-01 * "Spotify" "Kontooverførsel" #spiir
  spiir-id: "638869517158693929"
  Assets:Checking:Fixed  97.00 DKK
  Assets:Transfer  -97.00 DKK

2025-07-01 * "Renovation - LAH" "Kontooverførsel" #spiir
  spiir-id: "638869517158876946"
  Assets:Checking:Fixed  171.00 DKK
  Assets:Transfer  -171.00 DKK

2025-07-01 * "Sundhedsforsikring - LAH" "Kontooverførsel" #spiir
  spiir-id: "638869517158956038"
  Assets:Checking:Fixed  191.00 DKK
  Assets:Transfer  -191.00 DKK

2025-07-01 * "Bilforsikr, afgift - LAH" "Kontooverførsel" #spiir
  spiir-id: "638869517159027685"
  Assets:Checking:Fixed  300.00 DKK
  Assets:Transfer  -300.00 DKK

2025-07-01 * "Hus, indboforsikr - LAH" "Kontooverførsel" #spiir
  spiir-id: "638869517159098533"
  Assets:Checking:Fixed  387.00 DKK
  Assets:Transfer  -387.00 DKK

2025-07-01 * "El, vand og varme - LAH" "Kontooverførsel" #spiir
  spiir-id: "638869517159169805"
  Assets:Checking:Fixed  1084.00 DKK
  Assets:Transfer  -1084.00 DKK

2025-07-01 * "Vuggestue - LAH" "Kontooverførsel" #spiir
  spiir-id: "638869517159240247"
  Assets:Checking:Fixed  3068.00 DKK
  Assets:Transfer  -3068.00 DKK

2025-07-01 * "Spotify" "Film, musik & læsestof" #spiir
  spiir-id: "638869517159310725"
  Assets:Checking:Fixed  97.00 DKK
  Expenses:Entertainment:Media  -97.00 DKK

2025-07-01 * "Renovation - PRM" "" #spiir
  spiir-id: "638869517159380456"
  Assets:Checking:Fixed  171.00 DKK
  Expenses:Uncategorized  -171.00 DKK

2025-07-01 * "Sundhedsforsikring - PRM" "" #spiir
  spiir-id: "638869517159449954"
  Assets:Checking:Fixed  191.00 DKK
  Expenses:Uncategorized  -191.00 DKK

2025-07-01 * "Bilforsikr, afgift - PRM" "Bilforsikring & autohjælp" #spiir
  spiir-id: "638869517159518759"
  Assets:Checking:Fixed  300.00 DKK
  Expenses:Car:Insurance  -300.00 DKK

2025-07-01 * "Hus, indboforsikr - PRM" "Husforsikring" #spiir
  spiir-id: "638869517160483030"
  Assets:Checking:Fixed  387.00 DKK
  Expenses:House:Insurance  -387.00 DKK

2025-07-01 * "El, vand og varme - PRM" "El, vand, varme & renovation" #spiir
  spiir-id: "638869517160562964"
  Assets:Checking:Fixed  1084.00 DKK
  Expenses:House:Heating  -1084.00 DKK

2025-07-01 * "Vuggestue - PRM" "Institution" #spiir
  spiir-id: "638869517160639903"
  Assets:Checking:Fixed  3068.00 DKK
  Expenses:Kids:Institution  -3068.00 DKK

2025-07-01 * "iCloud" "Kontooverførsel" #spiir
  spiir-id: "638869517160710611"
  Assets:Checking:Fixed  -69.00 DKK
  Assets:Transfer  69.00 DKK

2025-07-01 * "R-Bakery V/Rene Osterg Hvidovre" "Kiosk, bager & specialbutikker" #spiir
  spiir-id: "638869517398137434"
  Assets:Checking:Dagligvarer  -26.00 DKK
  Expenses:Food:Kiosk  26.00 DKK

2025-07-01 * "R-Bakery V/Rene Osterg Hvidovre" "Kiosk, bager & specialbutikker" #spiir
  spiir-id: "638869517398242993"
  Assets:Checking:Dagligvarer  -114.00 DKK
  Expenses:Food:Kiosk  114.00 DKK

2025-07-01 * "Alice Koebenhavn S" "Kiosk, bager & specialbutikker" #spiir
  spiir-id: "638869517398338734"
  Assets:Checking:Dagligvarer  -129.00 DKK
  Expenses:Food:Kiosk  129.00 DKK

2025-07-01 * "Fællesudgifter" "Kontooverførsel" #spiir
  spiir-id: "638869517398434308"
  Assets:Checking:Dagligvarer  4500.00 DKK
  Assets:Transfer  -4500.00 DKK

2025-07-01 * "Dagligvarer - PRM" "Dagligvarer" #spiir
  spiir-id: "638869517398502974"
  Assets:Checking:Dagligvarer  4500.00 DKK
  Expenses:Food:Groceries  -4500.00 DKK

2025-07-01 * "hiper.dk" "Telefoni & internet" #spiir
  spiir-id: "638870406661312137"
  Assets:Checking:Primary  -339.00 DKK
  Expenses:Subscriptions:Telecom  339.00 DKK

2025-07-01 * "MobilePay Fritze Thormod Pedersen" "" #spiir
  spiir-id: "638870407027190379"
  Assets:Checking:Dagligvarer  -5.00 DKK
  Expenses:Uncategorized  5.00 DKK

2025-07-02 * "Sportyfit Dk Kolding" "" #spiir
  spiir-id: "638870406660634845"
  Assets:Checking:Primary  1194.00 DKK
  Expenses:Uncategorized  -1194.00 DKK

2025-07-02 * "Arca ApS Copenhagen N" "Sport & fritid" #spiir
  spiir-id: "638870406661208541"
  Assets:Checking:Primary  -529.00 DKK
  Expenses:Entertainment:Sports  529.00 DKK

2025-07-02 * "Kraes Event Holbaek" "Bar, cafe & restaurant" #spiir
  spiir-id: "638870407026201850"
  Assets:Checking:Dagligvarer  -54.00 DKK
  Expenses:Food:Restaurant  54.00 DKK

2025-07-02 * "EasyPark A/S easypark.dk" "Parkering" #spiir
  spiir-id: "638870407026753617"
  Assets:Checking:Dagligvarer  -42.98 DKK
  Expenses:Car:Parking  42.98 DKK

2025-07-02 * "MobilePay EASY PARK A/S" "Parkering" #spiir
  spiir-id: "638870407027029893"
  Assets:Checking:Dagligvarer  -19.53 DKK
  Expenses:Car:Parking  19.53 DKK

2025-07-02 * "Hundested-Rørvig F" "Bus, tog, færge o.l." #spiir
  spiir-id: "638870407027110409"
  Assets:Checking:Dagligvarer  -98.00 DKK
  Expenses:Transport:Public  98.00 DKK

2025-07-04 * "Olelo Hillerod" "" #spiir
  spiir-id: "638872097111851526"
  Assets:Checking:Dagligvarer  -154.00 DKK
  Expenses:Uncategorized  154.00 DKK

2025-07-04 * "KFT Koebenhavn Copenhagen" "" #spiir
  spiir-id: "638872097111959326"
  Assets:Checking:Dagligvarer  -178.89 DKK
  Expenses:Uncategorized  178.89 DKK

2025-07-04 * "Slik Paradis V/Jangiz Hillerod" "Kiosk, bager & specialbutikker" #spiir
  spiir-id: "638872097112064361"
  Assets:Checking:Dagligvarer  -37.49 DKK
  Expenses:Food:Kiosk  37.49 DKK

2025-07-04 * "føtex Hvidovrevej" "Dagligvarer" #spiir
  spiir-id: "638872097112163304"
  Assets:Checking:Dagligvarer  -621.35 DKK
  Expenses:Food:Groceries  621.35 DKK

2025-07-04 * "føtex Hvidovrevej" "Dagligvarer" #spiir
  spiir-id: "638872097112266822"
  Assets:Checking:Dagligvarer  6.95 DKK
  Expenses:Food:Groceries  -6.95 DKK

2025-07-06 * "MobilePay Tobias Karl Mildenberger" "" #spiir
  spiir-id: "638874672974016281"
  Assets:Checking:Primary  -2700.00 DKK
  Expenses:Uncategorized  2700.00 DKK

2025-07-07 * "Bauhaus Valby" "Ombygning & vedligehold" #spiir
  spiir-id: "638874672973767786"
  Assets:Checking:Primary  244.95 DKK
  Expenses:House:Renovation  -244.95 DKK

2025-07-07 * "Fd Hvidovre AmBa" "El, vand, varme & renovation" #spiir
  spiir-id: "638874673195486742"
  Assets:Checking:Fixed  -1630.00 DKK
  Expenses:House:Heating  1630.00 DKK

2025-07-07 * "Sygeforsikringen Danmark" "Sundheds- & sygeforsikring" #spiir
  spiir-id: "638874673195551102"
  Assets:Checking:Fixed  -419.00 DKK
  Expenses:Insurance:Health  419.00 DKK

2025-07-07 * "Hvidovre kommune" "Institution" #spiir
  spiir-id: "638874673195616077"
  Assets:Checking:Fixed  -2808.00 DKK
  Expenses:Kids:Institution  2808.00 DKK

2025-07-07 * "Bauhaus Valby" "Ombygning & vedligehold" #spiir
  spiir-id: "638874673339531564"
  Assets:Checking:Dagligvarer  -349.90 DKK
  Expenses:House:Renovation  349.90 DKK

2025-07-07 * "Lidl" "Dagligvarer" #spiir
  spiir-id: "638874673339631313"
  Assets:Checking:Dagligvarer  -332.56 DKK
  Expenses:Food:Groceries  332.56 DKK

2025-07-07 * "Ume Asian Supermar" "Dagligvarer" #spiir
  spiir-id: "638874673339730616"
  Assets:Checking:Dagligvarer  -92.65 DKK
  Expenses:Food:Groceries  92.65 DKK

2025-07-07 * "Dsb App" "Bus, tog, færge o.l." #spiir
  spiir-id: "638875545323407557"
  Assets:Checking:Primary  -22.00 DKK
  Expenses:Transport:Public  22.00 DKK

2025-07-07 * "Billetlugen.dk" "Biograf, koncerter & forlystelser" #spiir
  spiir-id: "638875545323523973"
  Assets:Checking:Primary  -560.00 DKK
  Expenses:Entertainment:Events  560.00 DKK

2025-07-07 * "Dsb App" "Bus, tog, færge o.l." #spiir
  spiir-id: "638875545323638229"
  Assets:Checking:Primary  -22.00 DKK
  Expenses:Transport:Public  22.00 DKK

2025-07-07 * "MobilePay Michelle Geertrudia de Ma" "" #spiir
  spiir-id: "638875545323747644"
  Assets:Checking:Primary  275.00 DKK
  Expenses:Uncategorized  -275.00 DKK

2025-07-07 * "Dsb App" "Bus, tog, færge o.l." #spiir
  spiir-id: "638875545572799128"
  Assets:Checking:Dagligvarer  -17.60 DKK
  Expenses:Transport:Public  17.60 DKK

2025-07-08 * "Xeroshoes.Eu Prague" "" #spiir
  spiir-id: "638875545323327233"
  Assets:Checking:Primary  -453.74 DKK
  Expenses:Uncategorized  453.74 DKK

2025-07-08 * "Yellow Bird Coffee Kbh S" "Bar, cafe & restaurant" #spiir
  spiir-id: "638875545572396600"
  Assets:Checking:Dagligvarer  -110.00 DKK
  Expenses:Food:Restaurant  110.00 DKK

2025-07-08 * "REMA 1000 Rødovre" "Dagligvarer" #spiir
  spiir-id: "638875545572508930"
  Assets:Checking:Dagligvarer  -121.40 DKK
  Expenses:Food:Groceries  121.40 DKK

2025-07-08 * "Dsb App" "Bus, tog, færge o.l." #spiir
  spiir-id: "638876395855373085"
  Assets:Checking:Primary  -22.00 DKK
  Expenses:Transport:Public  22.00 DKK

2025-07-08 * "Dsb App" "Bus, tog, færge o.l." #spiir
  spiir-id: "638876395855491716"
  Assets:Checking:Primary  -33.60 DKK
  Expenses:Transport:Public  33.60 DKK

2025-07-08 * "Dsb App" "Bus, tog, færge o.l." #spiir
  spiir-id: "638876395855859849"
  Assets:Checking:Primary  -90.00 DKK
  Expenses:Transport:Public  90.00 DKK

2025-07-09 * "Crazy Softice Hvidovre" "" #spiir
  spiir-id: "638876396178170435"
  Assets:Checking:Dagligvarer  -46.00 DKK
  Expenses:Uncategorized  46.00 DKK

2025-07-10 * "Sp Hype Aalborg Centr" "" #spiir
  spiir-id: "638877258668979025"
  Assets:Checking:Dagligvarer  -208.00 DKK
  Expenses:Uncategorized  208.00 DKK

2025-07-10 * "cykelgear.dk" "Hobby & sportsudstyr" #spiir
  spiir-id: "638878154589373918"
  Assets:Checking:Primary  -1330.00 DKK
  Expenses:Shopping:Sports  1330.00 DKK

2025-07-10 * "Til Faste Fællesudgifter" "Kontooverførsel" #spiir
  spiir-id: "638878154589488220"
  Assets:Checking:Primary  -2000.00 DKK
  Assets:Transfer  2000.00 DKK

2025-07-10 * "Til Faste Fællesudgifter" "Kontooverførsel" #spiir
  spiir-id: "638878154727873598"
  Assets:Checking:Fixed  2000.00 DKK
  Assets:Transfer  -2000.00 DKK

2025-07-10 * "Til Faste fællesudgifter" "" #spiir
  spiir-id: "638878154727949665"
  Assets:Checking:Fixed  2000.00 DKK
  Expenses:Uncategorized  -2000.00 DKK

2025-07-11 * "Spar Gandrup" "Dagligvarer" #spiir
  spiir-id: "638878154793137739"
  Assets:Checking:Dagligvarer  -135.33 DKK
  Expenses:Food:Groceries  135.33 DKK

2025-07-11 * "Dsb App" "Bus, tog, færge o.l." #spiir
  spiir-id: "638878998576885734"
  Assets:Checking:Dagligvarer  -22.00 DKK
  Expenses:Transport:Public  22.00 DKK

2025-07-12 * "MobilePay Sirwa Yousef Abdullah Ahm" "" #spiir
  spiir-id: "638879867709414346"
  Assets:Checking:Dagligvarer  -300.00 DKK
  Expenses:Uncategorized  300.00 DKK

2025-07-13 * "MobilePay Yousef Abdullah Ahmad" "" #spiir
  spiir-id: "638880728644598433"
  Assets:Checking:Primary  300.00 DKK
  Expenses:Uncategorized  -300.00 DKK

2025-07-14 * "Baghaven" "Bar, cafe & restaurant" #spiir
  spiir-id: "638880728901865354"
  Assets:Checking:Dagligvarer  -118.00 DKK
  Expenses:Food:Restaurant  118.00 DKK

2025-07-14 * "Reffen" "Bar, cafe & restaurant" #spiir
  spiir-id: "638880728902053722"
  Assets:Checking:Dagligvarer  -89.00 DKK
  Expenses:Food:Restaurant  89.00 DKK

2025-07-14 * "Reffen" "Bar, cafe & restaurant" #spiir
  spiir-id: "638880728902146650"
  Assets:Checking:Dagligvarer  -125.00 DKK
  Expenses:Food:Restaurant  125.00 DKK

2025-07-14 * "REMA 1000 Brøndby" "Dagligvarer" #spiir
  spiir-id: "638880728902238548"
  Assets:Checking:Dagligvarer  -480.65 DKK
  Expenses:Food:Groceries  480.65 DKK

2025-07-14 * "Normal Kbh.Nørrebr" "Frisør & personlig pleje" #spiir
  spiir-id: "638881644655970629"
  Assets:Checking:Dagligvarer  -79.00 DKK
  Expenses:Shopping:Personal-Care  79.00 DKK

2025-07-15 * "Udl. kortbetaling, 1.50% af DKK -22" "Bankgebyrer" #spiir
  spiir-id: "638881644300338111"
  Assets:Checking:Primary  -3.36 DKK
  Expenses:Bank:Fees  3.36 DKK

2025-07-15 * "Rpstrength Rpstrength.Co" "" #spiir
  spiir-id: "638881644300653908"
  Assets:Checking:Primary  -223.82 DKK
  Expenses:Uncategorized  223.82 DKK

2025-07-15 * "Udl. kortbetaling, 1.50% af DKK -95" "Bankgebyrer" #spiir
  spiir-id: "638881644300765061"
  Assets:Checking:Primary  -1.43 DKK
  Expenses:Bank:Fees  1.43 DKK

2025-07-15 * "Audible*NR7M090T2 Amzn.com/bill" "" #spiir
  spiir-id: "638881644300844538"
  Assets:Checking:Primary  -95.66 DKK
  Expenses:Uncategorized  95.66 DKK

2025-07-15 * "Overskydende Skat" "Overskydende skat" #spiir
  spiir-id: "638881644300953527"
  Assets:Checking:Primary  34598.00 DKK
  Income:Tax:Refund  -34598.00 DKK

2025-07-15 * "EasyPark A/S easypark.dk" "Parkering" #spiir
  spiir-id: "638881644655119842"
  Assets:Checking:Dagligvarer  -115.00 DKK
  Expenses:Car:Parking  115.00 DKK

2025-07-15 * "Copenhagen Cable Kobenha" "Bar, cafe & restaurant" #spiir
  spiir-id: "638881644655236211"
  Assets:Checking:Dagligvarer  -75.00 DKK
  Expenses:Food:Restaurant  75.00 DKK

2025-07-15 * "Google Nest g.co/helppayÆ" "Alarmsystem" #spiir
  spiir-id: "638881644655339286"
  Assets:Checking:Dagligvarer  -40.00 DKK
  Expenses:House:Alarm  40.00 DKK

2025-07-15 * "Sp Ismageriet Dyssegard" "Kiosk, bager & specialbutikker" #spiir
  spiir-id: "638881644655445798"
  Assets:Checking:Dagligvarer  -66.00 DKK
  Expenses:Food:Kiosk  66.00 DKK

2025-07-15 * "Copenhagen Cab Kobenhavn" "Bar, cafe & restaurant" #spiir
  spiir-id: "638881644655667686"
  Assets:Checking:Dagligvarer  -350.00 DKK
  Expenses:Food:Restaurant  350.00 DKK

2025-07-15 * "Disney Plus 800-022-1476" "TV & streaming" #spiir
  spiir-id: "638881644655777856"
  Assets:Checking:Dagligvarer  -49.00 DKK
  Expenses:Subscriptions:Streaming  49.00 DKK

2025-07-15 * "MobilePay EASY PARK A/S" "Parkering" #spiir
  spiir-id: "638881644655890282"
  Assets:Checking:Dagligvarer  -10.50 DKK
  Expenses:Car:Parking  10.50 DKK

2025-07-15 * "Autotal" "Kontooverførsel" #spiir
  spiir-id: "638882461757167179"
  Assets:Checking:Primary  -2000.00 DKK
  Assets:Transfer  2000.00 DKK

2025-07-15 * "Fra Lee Ann Hollesen" "Kontooverførsel" #spiir
  spiir-id: "638882461923205681"
  Assets:Checking:Fixed  2000.00 DKK
  Assets:Transfer  -2000.00 DKK

2025-07-15 * "Hvidovre Kommune" "Institution" #spiir
  spiir-id: "638882461923429702"
  Assets:Checking:Fixed  -250.00 DKK
  Expenses:Kids:Institution  250.00 DKK

2025-07-15 * "Autotal" "" #spiir
  spiir-id: "638882462058716137"
  Assets:Checking:Dagligvarer  2000.00 DKK
  Expenses:Uncategorized  -2000.00 DKK

2025-07-15 * "AutoMester Hvidovre" "Værksted & reservedele" #spiir
  spiir-id: "638882462058776513"
  Assets:Checking:Dagligvarer  -3997.78 DKK
  Expenses:Car:Service  3997.78 DKK

2025-07-15 * "tipster.dk 5-2-6" "Bar, cafe & restaurant" #spiir
  spiir-id: "638882462058838369"
  Assets:Checking:Dagligvarer  -550.00 DKK
  Expenses:Food:Restaurant  550.00 DKK

2025-07-16 * "Alice Koebenhavn S" "Kiosk, bager & specialbutikker" #spiir
  spiir-id: "638882462058437311"
  Assets:Checking:Dagligvarer  -177.00 DKK
  Expenses:Food:Kiosk  177.00 DKK

2025-07-16 * "Asiatisk Minimarked And B Kobenha" "" #spiir
  spiir-id: "638882462058542096"
  Assets:Checking:Dagligvarer  -39.00 DKK
  Expenses:Uncategorized  39.00 DKK

2025-07-16 * "Den Goe Kaffebar Frederiksberg" "Bar, cafe & restaurant" #spiir
  spiir-id: "638882462058631269"
  Assets:Checking:Dagligvarer  -35.00 DKK
  Expenses:Food:Restaurant  35.00 DKK

2025-07-16 * "Dsb App" "Bus, tog, færge o.l." #spiir
  spiir-id: "638883351871338391"
  Assets:Checking:Primary  -46.00 DKK
  Expenses:Transport:Public  46.00 DKK

2025-07-16 * "Dsb App" "Bus, tog, færge o.l." #spiir
  spiir-id: "638883351871432324"
  Assets:Checking:Primary  -22.00 DKK
  Expenses:Transport:Public  22.00 DKK

2025-07-17 * "Koebenhavns Bageri ApS Koebenhavn" "Kiosk, bager & specialbutikker" #spiir
  spiir-id: "638883351871220950"
  Assets:Checking:Primary  -34.00 DKK
  Expenses:Food:Kiosk  34.00 DKK

2025-07-17 * "MobilePay Lee Ann Hollesen Basse" "" #spiir
  spiir-id: "638884236266736264"
  Assets:Checking:Primary  1350.00 DKK
  Expenses:Uncategorized  -1350.00 DKK

2025-07-17 * "SpidsKloak" "" #spiir
  spiir-id: "638884236266806663"
  Assets:Checking:Primary  -2700.00 DKK
  Expenses:Uncategorized  2700.00 DKK

2025-07-17 * "MENY Rødovre" "Dagligvarer" #spiir
  spiir-id: "638884236475138926"
  Assets:Checking:Dagligvarer  -123.50 DKK
  Expenses:Food:Groceries  123.50 DKK

2025-07-17 * "Rødovre Isenkram" "Møbler & boligudstyr" #spiir
  spiir-id: "638884236475443576"
  Assets:Checking:Dagligvarer  -299.70 DKK
  Expenses:Shopping:Furniture  299.70 DKK

2025-07-18 * "Børne- og Ungeydelse" "Børnepenge" #spiir
  spiir-id: "638884236266658431"
  Assets:Checking:Primary  4742.00 DKK
  Income:ChildBenefit  -4742.00 DKK

2025-07-18 * "Basic & More - Rød" "Møbler & boligudstyr" #spiir
  spiir-id: "638884236474966125"
  Assets:Checking:Dagligvarer  -9.00 DKK
  Expenses:Shopping:Furniture  9.00 DKK

2025-07-18 * "føtex Rødovre" "Dagligvarer" #spiir
  spiir-id: "638884236475042808"
  Assets:Checking:Dagligvarer  -238.50 DKK
  Expenses:Food:Groceries  238.50 DKK

2025-07-18 * "tipster.dk 3-2-5" "Bar, cafe & restaurant" #spiir
  spiir-id: "638885098254818559"
  Assets:Checking:Dagligvarer  -200.00 DKK
  Expenses:Food:Restaurant  200.00 DKK

2025-07-20 * "MobilePay Michelle Geertrudia de Ma" "" #spiir
  spiir-id: "638888527767837244"
  Assets:Checking:Primary  140.00 DKK
  Expenses:Uncategorized  -140.00 DKK

2025-07-21 * "Dsb App" "Bus, tog, færge o.l." #spiir
  spiir-id: "638888527767638782"
  Assets:Checking:Primary  -22.00 DKK
  Expenses:Transport:Public  22.00 DKK

2025-07-21 * "Dsb App" "Bus, tog, færge o.l." #spiir
  spiir-id: "638888527767744124"
  Assets:Checking:Primary  -42.00 DKK
  Expenses:Transport:Public  42.00 DKK

2025-07-21 * "MobilePay" "" #spiir
  spiir-id: "638888528176186109"
